1890 2924
163 143 370 195 PANEGYR·
388 144 691 200 cAr.u1.L11.L111.
757 156 809 211 351

60 247 127 298 elati.
137 242 251 295 Auxeras
261 248 331 295 euim
341 262 479 296 numerum
489 250 542 297 eius
552 248 676 314 congiarii
685 247 813 311 facilitate,

60 314 236 379 maioremque
247 313 275 361 in
284 322 418 378 posterum
427 314 686 381 suseipiliberslitatis
696 326 754 365 tuse
765 315 814 365 tiele

59 396 175 429 iusseras.

92 446 150 495 Lll.
167 445 270 497 Horum
287 460 371 495 uuum
391 447 413 494 si
431 445 595 511 praestitisset
609 447 690 509 alias,
709 448 749 497 illi
764 445 814 495 iam

60 511 161 562 [ludum
172 511 300 562 radiatum
310 522 393 578 eaput,
400 522 427 561 et
435 509 522 560 media
530 512 595 561 iuter
600 512 661 563 deos
670 512 744 563 sedes
754 529 816 561 atrro

60 590 136 629 staret
142 591 187 628 aut
196 579 280 637 ebore,
289 579 530 644 augustioribueque
541 580 591 627 aris
601 589 627 628 et
636 578 816 644 grandioribus

60 646 170 694 uictimis
179 646 353 695 invocaretur.
374 642 416 693 'l'u
426 641 534 693 delubra
544 661 597 693 neu
608 644 656 693 uisi
666 643 817 694 adoraturus

60 714 148 772 intras,
158 711 206 761 tibi
214 712 344 761 maximus
353 710 436 760 bonor
447 709 571 759 excubare
580 726 628 777 pro
636 712 750 789 templis,
763 728 783 823 p
801 736 816 749 -

60 778 194 842 atibusque
203 777 324 844 praeteri.
355 777 398 827 Sic
406 780 443 837 sat,
453 789 482 827 ut
491 774 533 825 dei
543 790 679 826 summum
689 786 757 823 rutes-
784 791 819 822 o-

60 846 145 894 mines
154 845 284 911 fastigium
294 854 411 905 servent,
432 860 515 909 quum
525 844 636 893 deorum
646 844 700 907 ipse
711 858 764 889 uon
773 840 819 890 eil-

80 923 140 962 etas.
164 908 254 976 ltaque
265 923 334 959 tuaru
344 922 454 961 statuam
463 910 491 959 iu
500 910 626 960 vestibulo
636 907 705 957 lovis
715 906 819 974 Optimi

60 930 169 1027 blaximi
181 995 259 1027 sinam
270 978 416 1038 alteramve,
436 988 461 1026 et
470 976 536 1025 bane
548 992 659 1031 aeream.
679 976 818 1023 ceruimus.

62 1041 97 1090 At
108 1044 195 1107 paullo
205 1055 263 1092 aute
274 1045 357 1093 editus
367 1058 470 1103 omues,
490 1058 581 1091 omues
592 1039 695 1108 gradus,
714 1050 818 1104 totaque

63 1124 119 1157 ares
128 1107 188 1157 hine
198 1125 269 1167 auro,
281 1110 342 1157 binc
352 1120 459 1171 argento
468 1108 609 1169 relucebat,
615 1123 660 1157 seu
666 1108 752 1171 potius
761 1108 819 1171 pol·

60 1174 191 1223 luebatur:
215 1191 297 1239 quum
307 1176 394 1224 incesti
403 1172 524 1239 principia
533 1176 622 1223 statuis
632 1174 757 1238 permixta
768 1171 817 1221 de-

61 1258 138 1290 orum
146 1243 282 1291 simulam
292 1240 435 1289 sorderent.
455 1240 527 1303 Erue
541 1240 603 1291 istae
611 1237 718 1305 quidem
729 1254 816 1289 aereae

60 1320 85 1356 et
96 1323 191 1373 paucae
200 1316 316 1364 manent,
327 1304 530 1369 manebuntque,
544 1312 623 1371 quam
632 1302 679 1355 dtu
687 1308 817 1373 templum

62 1375 162 1439 ipsum:
189 1374 248 1420 illse
258 1384 345 1419 autem
354 1388 443 1419 aureae
453 1382 478 1421 et
487 1371 687 1421 innumerabiles
696 1383 780 1439 strage
790 1384 817 1423 et

67 1442 135 1487 usiua
147 1438 251 1501 publico
263 1437 355 1501 getulio
363 1438 509 1486 litaverunt.
538 1438 751 1488 luvabetillidere
761 1438 816 1487 solo

75 1502 259 1570 uperbiss'uuos
271 1503 365 1561 vultus,
381 1504 472 1551 instare
482 1505 559 1565 ferro,
568 1506 665 1555 servire
675 1505 815 1564 securibus,

75 1583 92 1619 lt
102 1570 250 1634 sielngulos
260 1570 325 1619 ictus
336 1571 437 1635 sanguis
447 1568 569 1637 dolorque
585 1582 742 1636 sequeretur.
762 1571 818 1620 Ne-

79 1654 107 1687 ro
118 1648 170 1685 tam
182 1648 324 1701 temperans
333 1635 418 1701 gaudii
430 1652 552 1702 seraeque
560 1639 685 1697 laetitiae,
706 1639 768 1703 quin
779 1638 819 1685 iu-

85 1720 114 1752 ar
126 1704 232 1750 ultionis
241 1703 378 1765 rideretur,
391 1717 494 1751 eernere
502 1705 596 1753 laceros
606 1716 684 1763 artus,
700 1715 817 1752 trunceta

91 1768 195 1829 embru3
224 1782 352 1834 postremo
376 1781 458 1819 truces
478 1768 669 1835 horrendasque
692 1770 817 1833 imagines

94 1838 176 1895 iectus,
187 1848 352 1899 extructasque
362 1838 482 1885 flammis:
492 1847 521 1885 ut
531 1853 561 1885 ex
571 1838 617 1885 illo
628 1848 723 1885 terrore
734 1846 760 1884 et
770 1838 818 1883 mi·

95 1918 102 1949 s
112 1904 141 1951 iu
152 1919 228 1951 usum
238 1902 375 1952 bominum
385 1918 414 1952 ae
424 1904 566 1969 voluptates
577 1902 679 1968 iguibue
687 1914 818 1951 mutaren-

99 1987 112 2016 ·.
134 1968 220 2018 Simili
235 1969 388 2030 reverentis,
403 1969 513 2026 Caesar,
541 1986 593 2016 nou
613 1967 681 2033 epusl
702 1970 837 2017 Genium·

104 2052 140 2083 un
149 2034 255 2084 bonitati
267 2048 325 2085 tuae
335 2037 427 2101 gratias
439 2037 488 2099 tegi,
505 2033 549 2083 sed
561 2032 629 2100 epud
640 2050 737 2082 numen
751 2034 817 2081 lovis

108 2102 165 2151 timi
177 2100 283 2151 Maximi
293 2104 398 2167 puteris:
419 2104 459 2150 illi
475 2100 576 2159 debere,
588 2098 715 2164 quidquid
726 2114 771 2146 uos
781 2098 817 2143 ti-

114 2168 258 2229 lebesmus,
277 2170 363 2228 illius,
384 2168 454 2231 quod
464 2167 529 2215 bene
539 2166 623 2226 seties,
634 2166 746 2214 muueris
756 2177 817 2219 esse,

119 2247 143 2284 te
155 2233 235 2284 dedis.
250 2234 319 2285 Ante
331 2233 437 2298 quidem
448 2234 565 2296 ingentes
575 2231 715 2281 bestiarum
727 2242 818 2301 greges

120 2300 298 2366 Capitolinum
308 2300 362 2357 iter,
373 2316 466 2363 magua
477 2301 515 2347 sui
522 2310 593 2363 parte
600 2299 817 2367 velutiutercepts,

124 2377 197 2413 utere
219 2369 260 2415 viu
280 2365 446 2430 cogebantur:
475 2380 557 2428 quum
567 2360 708 2410 saevissimi
719 2357 818 2403 ‹lonusu

128 2432 322 2494 tissimneffigiee
332 2443 402 2480 teuto
410 2432 575 2480 uictimarum
586 2439 674 2470 cruore
684 2420 818 2474 coleretur,

136 2498 255 2561 tumipsss
268 2499 372 2546 humani
383 2498 514 2561 sauguinis
524 2485 701 2555 profundebat.

141 2560 188 2609 Ill.
207 2564 317 2623 omnia,
337 2562 366 2610 Ρ,
384 2562 430 2623 c„
450 2572 516 2623 qm
527 2554 560 2599 ele
571 2551 626 2598 aliis
635 2545 795 2615 principibus
806 2564 821 2595 a

142 2638 165 2677 st
173 2627 301 2688 dietsutur,
312 2639 357 2677 sut
365 2626 434 2676 dieu
442 2616 740 2690 tunneupertaueuuut.
745 2626 832 2664 um·
