1890 2924
106 158 141 216 to
274 129 704 208 c.ru1it11u1o.111..3
772 162 790 195 .·.

105 258 242 325 solumque
251 272 296 324 par
307 260 419 324 pretium
429 258 490 307 tanti
504 253 607 305 laboris.
642 255 782 322 Concipere
797 254 851 323 adq

104 344 148 376 mo
157 337 239 393 potes3
261 341 338 388 quam
351 326 431 372 simus
445 323 557 388 fatigati,
573 323 665 386 quibus
684 325 755 371 toties
775 320 851 388 ageri·

103 393 176 450 dcun,
188 393 260 439 toties
270 389 453 448 altercandum,
463 390 603 439 tammulti
613 400 688 438 testea
697 390 851 454 interrogata

102 458 139 516 di,
148 455 315 516 sublevandi,
320 455 456 504 refutandi.
473 453 529 503 Iam
537 455 581 503 ilia
591 472 670 519 qnam
678 454 767 514 ardna,
778 473 851 521 quam

105 524 220 582 molesta,
231 532 269 570 tot
277 538 381 570 reorum
391 522 476 569 amicis
485 531 583 570 secreto
591 521 742 584 rogantibus
752 538 851 587 negare,

17 591 20 596 ’
103 587 295 639 adversantibus
310 588 395 653 palam
409 585 546 638 obsistere?
578 587 790 636 Referam-unum
807 588 851 637 eli·

103 653 174 720 quod
183 671 214 703 ex
224 655 263 715 iis,
275 651 406 717 quaedixi.
440 653 530 717 Quum
545 652 609 701 mihi
619 651 726 717 quidam
736 671 750 702 e
760 652 851 705 iudici·

101 720 151 770 bus
161 721 223 786 ipsis
237 735 338 786 proree
348 718 528 782 gratiosissImo
537 721 713 781 reclamarent,
735 721 800 769 Non
807 722 851 771 mi·

102 802 161 844 nne,
171 789 284 859 inquam,
294 783 338 833 hic
348 787 473 835 inuocem
482 783 545 844 erit,
555 782 582 833 ai
590 801 642 853 ego
653 785 744 835 omnia
754 785 851 839 dr'rero⁴

103 852 264 902 Coniectabis
284 867 315 900 ex
334 850 391 909 hoc,
411 860 518 914 quantas
537 853 722 912 contentiones,
748 862 851 916 quartat

103 921 181 968 etiam
191 919 297 966 offensas
303 916 465 977 subierimus,
476 914 609 965 dumtaxat
618 917 651 966 ad
656 916 733 966 breve
744 929 851 984 tempus«

102 983 170 1034 llam
179 983 242 1032 iales
253 983 435 1047 inpraesentia.
449 999 498 1041 eos,
518 981 609 1045 quibus
618 984 723 1043 resistit,
734 983 851 1046 offenditt

105 1047 199 1097 deiude
219 1046 251 1096 ab
271 1049 324 1097 illis
340 1050 402 1114 ipsis
423 1049 560 1114 suspicitur
580 1048 760 1114 laudaturque.
795 1049 851 1099 tior

100 1116 176 1181 potui
191 1114 274 1177 magis
293 1123 318 1163 te
328 1116 356 1163 in
365 1130 421 1164 rem
432 1124 590 1179 praesentem
600 1114 749 1180 perducere.
768 1115 851 1176 Dices,

100 1177 317 1246 Nonsnr't'toutr'.'
336 1179 412 1246 Quiri
414 1182 483 1228 enim
492 1177 557 1228 mihi
566 1196 624 1229 cum
633 1188 689 1231 tam
699 1180 743 1231 lon
767 1199 785 1231 α
794 1181 851 1249 epi·

101 1244 204 1298 stolo?
222 1244 310 1295 Nolito
321 1261 381 1310 ergo
391 1243 538 1296 identidem
544 1261 675 1310 quaerore,
685 1251 729 1312 qui
761 1247 851 1297 Romae

46 1348 48 1353 ,
102 1324 213 1380 geratur.
248 1313 282 1361 Et
291 1322 377 1361 tamen
386 1323 516 1360 memento
527 1328 581 1360 esse
591 1329 644 1361 non
655 1315 787 1378 epistolam
796 1316 851 1362 lon·

102 1398 171 1446 garn,
191 1395 255 1446 qnae
269 1379 377 1440 totdies,
395 1375 611 1442 corrogationes,
631 1389 668 1426 tot
678 1378 790 1443 denique
799 1394 851 1427 reos

102 1454 250 1511 caussasque
263 1448 395 1511 complexa
407 1445 449 1494 sit.
483 1445 556 1508 Quae
575 1446 663 1495 omnia
681 1447 772 1495 videor
790 1443 851 1494 milri

7 1531 19 1545 ³
101 1522 154 1562 n'on
171 1516 258 1562 miuus
278 1514 396 1570 breviter,
415 1526 495 1575 quam
513 1508 657 1574 diligenter,
676 1521 851 1576 persequutus·

100 1578 208 1627 Temere
218 1577 270 1627 dui
280 1577 442 1646 diligenter:
451 1576 575 1624 succurrit
584 1574 654 1638 quod
667 1579 851 1642 praeterieram,

101 1652 127 1691 et
135 1644 241 1708 quidem
250 1657 320 1692 sero:
337 1642 391 1702 sed,
410 1657 568 1705 quamquam
577 1652 747 1706 praepostere,
758 1640 851 1691 redde·

99 1718 153 1756 tur.
186 1709 256 1756 Facit
270 1707 319 1756 hoc
333 1708 469 1766 Homerus,
490 1707 617 1769 multique
637 1708 706 1756 illius
726 1708 851 1772 exemplo.

100 1773 146 1822 Est
165 1772 260 1834 alioqui
280 1771 461 1836 perdecornm:
481 1788 496 1820 a
511 1786 554 1820 me
569 1782 655 1821 tamen
669 1789 723 1822 non
733 1773 792 1822 ideo
802 1775 851 1822 liet.

101 1837 143 1885 Ex
152 1835 258 1886 testibus
268 1836 383 1900 quidam,
402 1838 457 1885 sire
467 1839 554 1898 iratus,
574 1839 644 1901 quod
655 1851 772 1888 evocatus
791 1846 851 1886 esset

102 1903 206 1961 invitus,
218 1903 272 1952 sive
281 1901 432 1951 subornatus
441 1903 472 1952 ab
483 1905 569 1966 aliquo
579 1917 691 1966 reorum,
712 1917 741 1953 ut
749 1920 851 1953 accusa·

102 1969 200 2016 tionem
209 1978 356 2027 exarmant,
367 1967 516 2017 Norbanum
526 1969 696 2030 Licinianum,
707 1970 821 2034 legatum
831 1979 851 2017 et

103 2034 287 2096 inquisitorem,
297 2049 373 2081 reum
382 2035 529 2098 postulavit,
540 2044 662 2099 tanquam
672 2035 699 2083 in
709 2051 795 2084 caussa
806 2035 851 2085 Ca·

101 2109 154 2148 stae
174 2096 250 2162 [uxor
260 2096 320 2146 haec
340 2098 460 2164 Classici]
474 2101 695 2164 praevaricaretur.
728 2103 777 2150 Est
795 2102 851 2165 legs

101 2175 213 2224 cantum,
229 2175 259 2212 nt
271 2180 330 2212 reus
340 2176 398 2213 ante
408 2176 548 2231 peragatur,
566 2178 626 2214 tunc
645 2165 676 2213 de
696 2169 851 2230 praevarica-

102 2235 154 2281 tore
165 2241 305 2294 quaeratur,
326 2233 383 2294 quia
394 2230 487 2295 optime
497 2246 527 2278 ex
536 2233 694 2281 accusatione
709 2235 764 2297 ipsa
779 2247 851 2280 aceu-

101 2295 260 2344 satoria'fides
269 2298 424 2346 aestimatur.
450 2294 570 2346 Norbano
580 2308 665 2345 tamen
677 2314 728 2345 non
739 2298 804 2347 ordo
813 2300 851 2350 le-

100 2363 146 2427 gis,
157 2378 209 2409 non
219 2361 295 2424 legati
305 2378 408 2421 nomeu,
419 2378 471 2409 uon
481 2362 651 2423 inquisitionis
661 2361 774 2411 officium
780 2379 851 2428 prae·

99 2425 165 2476 sidio
173 2429 237 2476 snit:
256 2438 322 2477 tauta
333 2428 498 2491 conflagravit
509 2427 605 2477 invidia
616 2427 692 2475 homo
702 2427 797 2491 alioqui
808 2430 851 2478 lla·

98 2494 209 2557 gitiosus,
220 2504 245 2541 et
256 2493 395 2542 Domitiani
404 2492 563 2557 temporIbus
573 2509 643 2551 usus,
654 2505 683 2542 ut
691 2494 781 2542 multi:
799 2496 851 2543 ele«

94 2570 203 2623 ctnqre
218 2570 280 2607 tunc
290 2578 303 2608 a
313 2559 444 2625 provincia
459 2556 491 2604 ad
510 2557 703 2623 inquirendum,
723 2576 777 2607 uon
791 2570 851 2608 tan·

79 2637 164 2685 quana
172 2622 264 2678 honus
274 2637 302 2680 ot
311 2625 407 2694 fidelis,
416 2623 462 2680 sed
475 2634 601 2695 tanqum
606 2623 713 2677 curua
721 2625 851 2676 iuimicus.
