1890 2924
367 151 497 205 Epist.
517 152 569 207 VI«
811 158 849 218 41

86 323 219 392 Exemplo
229 320 335 373 sordide
345 319 426 371 simrd
435 331 464 371 et
474 320 607 372 ruminosi
616 320 733 373 hominis
739 322 851 374 Avitum

152 400 251 449 nronet,
258 388 412 438 utrordrum
423 399 450 438 et
456 387 579 438 luxuriae
585 390 740 440 societatem
738 388 849 458 fugiat.

209 458 239 508 C.
261 452 432 511 PLINIVS
452 454 586 505 Avlro
606 450 685 506 SVO
707 456 735 505 S.

139 527 263 591 Longum
282 522 406 571 estsltiua
425 532 548 588 repetere,
568 522 850 587 neruumquemsd-

87 590 200 642 modum
219 588 347 647 acciderit,
369 599 398 636 ut
408 587 487 636 homo
495 587 602 637 minime
613 589 745 638 familiaris
756 606 849 639 coena·

87 674 145 708 rem
156 657 226 723 apud
237 654 376 721 quendam,
392 666 421 703 ιιι
430 653 479 702 sibi
489 653 631 716 videbatur,
641 654 744 707 lautum
754 666 779 705 et
789 656 849 707 diii·

86 736 206 789 geutem3
227 734 258 771 ut
277 721 356 781 mibi,
375 718 509 769 sordidum
529 722 609 769 simul
629 732 653 769 et
672 734 847 771 sumtuosum.

86 790 157 839 Nam
175 788 261 838 sibiet
287 789 357 836 aucis
377 789 472 851 optima
483 784 621 850 quaedam
644 789 741 845 ceteris,
754 789 813 837 viiia
823 800 848 836 et

87 859 189 906 minuta
200 805 326 921 ponebat,
340 852 440 902 Vinum
450 853 529 901 etiam
543 853 656 918 parvulis
666 854 808 917 lagunculis
821 856 847 903 iu

87 924 135 973 tria
146 938 242 985 genera
253 919 426 983 descripserat,
446 935 498 967 nou
515 930 542 966 ut
552 930 660 984 potestas
671 918 791 984 eligendi,
801 919 848 969 sed

87 1004 121 1039 rte
131 990 171 1036 ius
182 998 248 1035 esset
256 983 403 1035 recusandi:
414 996 438 1033 et
449 984 518 1034 aliud
528 985 576 1034 sibi
588 995 613 1032 et
623 984 703 1045 uobis,
718 984 789 1034 aliud
799 987 847 1035 mi-

87 1052 197 1105 noribus
218 1053 313 1109 amicir,
325 1052 396 1114 (uam
415 1048 542 1114 gradatim
552 1053 648 1100 amicos
660 1050 755 1118 habet.)
777 1052 848 1102 aliud

87 1124 143 1171 stris
160 1120 305 1183 nostrisque
316 1117 422 1166 libertis·
441 1114 639 1175 Animadvertit,
650 1119 693 1182 qui
704 1118 770 1167 mibi
782 1136 846 1184 pro-

87 1191 176 1239 xiruus
187 1185 360 1242 recumbebat,
371 1194 405 1241 et,
412 1200 443 1231 ιιι
457 1185 597 1253 probarent,
608 1184 782 1256 interrogarit.
795 1184 848 1248 Νι,

88 1252 156 1321 gari.
180 1254 221 1301 Tu
230 1267 305 1320 ergo,
326 1252 417 1368 ἱιιιῖιὶι,
437 1256 738 1322 quamconcuetudinem
751 1274 845 1325 seque·

88 1318 155 1371 ris?
174 1318 359 1369 Eademomni
376 1334 494 1386 repono.
514 1323 679 1373 Adcoeuam
698 1325 776 1379 enim,
796 1338 849 1373 non

88 1387 129 1439 ad
145 1395 245 1448 notam,
256 1388 355 1439 invito:
373 1389 526 1455 cunctisque
540 1387 620 1437 rebus
639 1404 764 1455 exaequo,
783 1405 849 1456 quoe

89 1471 187 1507 menso
205 1463 301 1505 erroro
319 1455 442 1522 aequavi.
462 1455 588 1503 Etiamne
598 1452 728 1504 libertos?
746 1455 847 1505 Etiam.

95 1522 262 1572 Convictores
280 1523 434 1578 enimuero,
453 1536 507 1569 non
521 1518 640 1577 libertor,
654 1529 733 1586 puto.
755 1521 787 1569 Et
797 1522 847 1579 ille,

91 1590 198 1660 Magno
208 1587 262 1639 tibi
270 1597 385 1640 constat.
398 1588 521 1637 Minime.
535 1586 585 1652 Qui
594 1584 771 1651 fierr'poteet?
780 1588 848 1637 Pot-

90 1666 148 1707 est:
168 1656 232 1727 quio
251 1658 354 1708 scilicet
373 1656 467 1708 liberii
477 1675 527 1707 mer
538 1672 590 1705 non
610 1655 687 1712 idem,
706 1654 846 1722 quodego,

90 1722 194 1785 bibunt,
206 1724 331 1776 sedidem
341 1742 400 1796 ego,
411 1726 480 1794 quod
488 1722 587 1775 liberti.
601 1722 634 1772 Et
644 1721 755 1781 hercule,
766 1723 785 1770 ri
797 1740 847 1789 gu-

90 1792 130 1843 lae
142 1806 277 1861 temperes,
288 1812 340 1843 uon
352 1808 388 1842 aar
398 1810 544 1851 onerosum,
556 1811 607 1858 quo
616 1793 693 1843 utaris
704 1791 766 1860 ipse,
777 1808 847 1842 com·

88 1863 223 1912 manicare
244 1878 304 1909 oum
323 1860 451 1927 pluribus.
478 1861 527 1910 lua
546 1878 608 1924 ergo
623 1859 846 1929 repr·iuteudo,ilit

89 1929 163 1992 quasi
184 1930 210 1976 iu
231 1926 350 1976 ordinem
368 1925 507 1990 redigenda
519 1940 563 1985 est,
584 1929 605 1975 si
615 1928 741 1979 sumtibus
753 1945 844 1994 parcas,

89 1995 184 2058 quibus
196 1995 325 2059 aliquanto
335 1995 426 2040 rectius
443 2005 485 2040 tus
496 1995 659 2051 coutinentia,
674 2012 752 2059 quam
762 1997 844 2045 aliena

87 2059 254 2116 contumelia,
266 2059 390 2107 consulas.
401 2060 531 2124 Quorsum
543 2058 620 2108 baec?
630 2061 669 2109 Ne
680 2062 723 2108 tibi
735 2064 845 2126 optimae

89 2124 183 2174 indolis
201 2126 291 2173 iuveni
310 2125 474 2189 quorundam
494 2126 520 2173 iu
540 2141 627 2174 mensa
642 2126 742 2176 luxuria
761 2131 844 2192 specie

88 2191 239 2257 frugalitstis
249 2192 373 2253 imponat.
383 2190 512 2240 Convenit
521 2202 607 2240 autem
614 2194 696 2240 ‘amori
707 2195 733 2241 iu
745 2204 767 2240 te
776 2210 843 2253 meo,

88 2259 188 2322 quoties
198 2258 250 2305 tale
257 2256 536 2317 sliquidinciderimub
543 2259 659 2322 exemplo
683 2275 842 2319 ιιιειιιοιιειι,

89 2322 151 2389 quid
161 2322 256 2371 debeas
270 2323 368 2388 iugero.
395 2325 475 2387 igitur
485 2335 623 2383 memento,
635 2276 700 2370 nibil
711 2325 793 2385 magis
805 2341 844 2371 es·

91 2404 116 2438 sc
126 2388 271 2450 vitandum,
286 2407 364 2454 quam
375 2391 449 2439 istam
458 2390 574 2440 luxurias
589 2400 616 2437 et
625 2387 741 2439 sordium
751 2405 844 2436 novam

91 2457 251 2505 societatem:
273 2472 336 2521 quae
346 2472 406 2504 cum
416 2457 469 2505 siut
487 2453 632 2521 turpissima
642 2454 750 2504 discreta
759 2468 789 2500 ac
798 2469 841 2501 se-

93 2533 186 2589 parata,
195 2522 461 2589 turpiuaiuuguuttrr·¹
477 2520 553 2592 ΤιΙς.
