1890 2924
146 119 202 179 rso
329 112 361 169 c.
380 78 518 166 ἠπίη
538 106 705 162 mum
746 188 750 193 .

144 283 290 341 romum,
302 281 575 333 cuiuevaletudinem
585 277 712 332 dolenter
713 277 787 350 fert,
797 278 900 333 merr'tia

208 348 339 400 laudibus
349 358 476 399 exornat.

221 414 253 466 C.
284 415 463 467 Pttutvs
492 412 647 465 Prisco
680 411 765 465 SVO
797 413 828 464 8.

191 480 275 550 Angit
284 499 327 533 me
337 483 451 534 Fanniae
461 481 591 532 valetudo.
606 479 740 532 Contraxit
752 481 828 544 nane,
839 479 901 532 dnm

143 547 341 602 adsidetluniae
351 547 461 616 Virgini,
470 561 560 616 sponte
571 550 695 614 primurn,
712 545 763 610 (est
774 550 846 598 enim
855 546 900 598 ad-

144 615 213 680 finis)
228 614 322 666 deinde
338 617 417 666 etiam
431 632 462 664 ex
478 616 625 664 auctoritate
640 616 806 682 pontificum.
835 614 900 667 liam

143 681 273 747 Virgines,
284 700 367 748 quum
377 685 402 733 vi
412 681 496 731 morbi
509 684 573 731 atrio
584 679 675 730 Vestae
688 693 819 748 coguntur
833 695 900 731 exet·

144 745 218 807 dere,
247 761 424 799 matronarum
444 761 520 798 curae
537 747 718 813 custodiaeque
737 747 899 798 mandentur.

144 813 206 881 Quo
215 831 327 865 munere
334 817 432 866 Fannia
440 814 504 863 dum
514 815 605 864 sedulo
614 814 740 880 iungitur,
750 813 800 863 hoc
810 813 899 864 (Ιίπί-

143 883 216 931 mine
235 883 362 947 implicita
371 893 420 931 est.
441 879 560 932 insident
569 881 661 940 febres,
679 882 757 931 tussis
773 882 899 939 increscit,

144 961 246 996 summa
258 951 359 1006 macies,
369 965 473 998 summa
491 946 613 998 defectio:
632 949 736 997 animus
754 959 858 997 tantum
875 957 899 995 et

144 1012 248 1078 spiritns
259 1015 336 1079 viget,
348 1014 470 1065 Helvidio
480 1016 580 1074 marito,
590 1012 704 1064 Thrasea
722 1027 795 1080 petre
805 1013 898 1082 dignis·

143 1079 236 1127 simus:
256 1081 356 1146 reliqua
371 1080 503 1141 labuntur,
523 1097 617 1144 meque
627 1097 681 1129 non
696 1091 771 1132 metn
790 1092 898 1140 tantum,
915 1116 932 1147 υ,

144 1161 237 1195 rernm
248 1148 325 1196 etiam
335 1145 425 1196 dolore
439 1148 587 1197 conficiunt.
616 1147 700 1200 Doleo
715 1148 797 1206 enim,
817 1149 898 1198 maxi·
913 1146 935 1193 't'

145 1229 218 1264 mam
228 1213 352 1264 seminam
362 1213 425 1280 eripi
436 1216 516 1263 oculis
526 1215 642 1276 civitatis,
661 1215 750 1264 nescio
760 1229 794 1263 sn
803 1209 898 1279 aliquid

147 1282 232 1330 simile
243 1282 347 1330 visuris.
377 1282 449 1347 Quae
459 1281 558 1330 castitas
574 1275 660 1330 iliius!
687 1297 753 1345 quae
770 1274 899 1330 sanctitas!

147 1359 240 1414 quanta
251 1346 376 1413 gravitas!
395 1359 490 1412 quanta
500 1345 654 1398 constantia!
672 1346 716 1396 Bis
725 1347 850 1396 maritum
858 1361 898 1395 se-

149 1425 229 1480 quuta
239 1416 266 1463 in
277 1417 393 1465 exsilium
404 1424 448 1474 est,
469 1416 547 1463 tertio
554 1419 608 1480 ipsa
619 1414 855 1480 proptermsritnm
863 1426 898 1460 rs·

145 1481 239 1546 legata.
264 1481 339 1545 Nam,
350 1498 433 1548 quum
443 1478 550 1530 Senecio
560 1496 619 1529 rens
632 1491 704 1539 esset,
724 1478 796 1545 quod
806 1477 841 1528 de
852 1479 899 1529 vita

146 1546 261 1598 Helvidi
271 1548 349 1600 libros
359 1549 550 1614 composuisset,
569 1554 785 1612 rogatumqne'se
800 1563 817 1596 a
831 1546 898 1598 Pan·

146 1616 190 1665 nis
201 1615 228 1664 in
239 1612 387 1665 defensione
403 1613 520 1663 dixisset:
540 1625 679 1678 quaerente
693 1614 831 1662 minaciter
840 1612 897 1662 Ms-

146 1681 184 1729 tio
195 1679 275 1740 Caro,
296 1699 329 1729 an
339 1693 457 1748 rogasset,
467 1677 614 1746 respondit,
632 1677 758 1750 Rogavi:
778 1696 813 1731 an
823 1694 897 1729 com·

146 1748 284 1794 murarios
294 1748 420 1811 scripturo
431 1745 550 1808 dedisset,
560 1746 648 1796 Dedi.-
668 1765 699 1797 an
709 1746 897 1804 seientemsue,

145 1809 297 1862 Nesciente.
312 1811 444 1862 Postremo
457 1815 557 1862 nullam
572 1829 663 1862 vocem
679 1813 815 1863 cedentem
828 1811 898 1879 peri·

145 1880 205 1927 eulo
217 1879 310 1926 emisit.
329 1878 406 1943 Quin·
412 1881 489 1930 etiam
499 1879 556 1927 illos
566 1881 633 1945 ipsos
643 1881 729 1941 libros,
739 1894 897 1945 quamquam

144 1961 176 1995 cx
186 1943 332 1993 necessitate
352 1957 377 1994 et
390 1959 462 1996 metu
477 1957 625 2011 temporum
635 1946 742 1996 abolitor
752 1944 804 1996 SC.
813 1945 899 2012 publi·

142 2011 205 2060 eatis
215 2009 299 2070 bonis,
309 2015 427 2074 servavit,
438 2012 534 2074 habuit,
545 2013 656 2077 tulitque
666 2030 694 2062 sn
703 2013 824 2062 exsilium
833 2012 898 2062 exsi-
920 2064 924 2070 ,

143 2079 174 2128 iii
192 2092 317 2126 caussam.
336 2078 435 2130 Eadem
455 2096 533 2144 quam
558 2077 684 2136 incunda,
703 2095 785 2144 quam
809 2079 896 2134 comis,

144 2160 223 2212 quam
234 2142 346 2211 denique
363 2144 444 2212 (quod
459 2145 547 2212 paucis
561 2144 649 2194 datum
666 2144 714 2206 est)
733 2162 787 2194 non
807 2145 896 2196 minut

144 2210 267 2272 amabilis,
288 2230 366 2278 quam
376 2210 534 2264 veneranda!
560 2210 618 2262 Erit
627 2229 696 2275 sane,
716 2228 796 2277 quam
809 2222 896 2278 postea

144 2279 266 2330 uxoribus
278 2284 370 2331 nostris
386 2292 513 2332 ostentare
528 2280 670 2344 possimus:
689 2280 744 2337 erit,
760 2295 838 2344 aqua
849 2278 896 2330 viri

145 2364 248 2415 quoque
258 2346 409 2398 fortitudinis
421 2347 535 2410 exempla
546 2361 692 2408 sumamus,
708 2362 788 2410 quam
798 2347 835 2394 sic
845 2361 898 2394 cer·

143 2428 234 2465 nentes
244 2414 426 2479 audientesque
438 2413 568 2470 miramur,
579 2424 609 2459 ut
619 2413 682 2470 illas,
694 2429 758 2477 quae
765 2415 897 2479 leguntur·
929 2455 932 2461 .

144 2479 182 2529 Ac
192 2481 257 2531 mihi
267 2478 360 2531 domni
366 2483 419 2546 ipsa
431 2490 530 2536 nutare,
545 2479 718 2544 convulsaque
730 2478 834 2530 sedibus
845 2482 897 2531 suis

133 2550 237 2599 ruitura
258 2563 337 2618 supra
357 2545 473 2604 videtur,
492 2547 552 2596 licet
567 2543 649 2595 adhuc
665 2556 780 2610 posteros
797 2547 896 2598 habeat.

122 2613 244 2679 0¹1⁸an
256 2623 332 2672 enim
345 2615 488 2674 virtutibus
501 2614 658 2685 qusut'uque
672 2613 746 2660 tactis
758 2613 901 2677 umqum.
