1890 2924
314 120 460 183 uoltu.
499 122 574 176 vll.
789 131 825 189 71

10 278 26 307 Ρ,
61 236 150 277 unt
167 221 250 275 sedin
260 222 360 275 Vitellii
369 224 479 277 amicitia
498 227 625 291 sapienter
638 241 665 275 se
677 235 703 275 et
720 227 828 279 comites

62 301 192 354 gesserat:
213 309 243 341 ex
251 292 433 357 proconsulatu
441 293 513 340 Asiae
523 294 634 355 gloriam
643 304 826 358 reportaveratz

62 357 197 406 maculam
218 359 308 407 veteris
327 358 468 407 industriae
487 358 610 408 laudabili
630 360 683 409 otio
701 359 825 413 abluerat,

62 422 126 472 Fuit
135 424 207 472 inter
214 425 344 490 principes
354 424 459 474 civitatis
469 425 523 474 siue
529 424 649 490 potentia,
654 425 710 475 sine
718 425 824 487 invidia,

62 487 239 553 salutabatur,
257 490 394 551 colebatur,
414 492 578 556 multumque
589 493 615 541 in
625 494 721 543 lectulo
730 495 825 557 iacens,

63 554 188 604 enlsienlo
196 572 300 623 semper
308 574 361 606 non
372 574 402 605 ex
413 559 513 607 fortuna
523 558 662 623 frequenti.
697 559 825 611 Doctissi-

63 622 117 671 mie
130 622 295 672 temonibus
310 624 364 673 dies
379 626 541 690 transigebat,
560 642 643 690 quum
660 644 673 675 a
689 627 824 679 scribendo

62 698 175 751 enaret,
184 688 311 739 scribebat
320 691 432 739 earmina
441 691 538 740 maiore
549 707 608 740 eura
619 708 698 757 quam
707 694 823 757 ingenio.

62 768 255 819 nonnunqum
266 754 502 806 inilioialiominum
509 758 699 808 recitationibus
709 776 738 807 ex
758 763 824 809 erie-

62 818 150 870 batur.
183 822 337 884 Novissime,
346 824 381 871 ita
391 821 556 872 studentibus
567 825 648 886 annia,
658 826 689 875 ab
704 778 768 875 unge
778 844 823 877 so·

63 887 243 953 oeasit,'seque
254 890 282 938 in
288 888 429 955 Campania
438 892 533 939 tenuit:
555 907 583 939 ac
592 908 624 939 ne
635 891 746 941 adventu
762 894 824 955 qui-

63 952 126 1003 dem
137 955 197 1005 novi
206 954 329 1022 principis
344 956 406 1005 inde
420 967 562 1005 commotas
571 969 617 1007 est.
651 957 744 1023 Magna
754 958 824 1007 Cae-

63 1021 126 1069 saris
145 1020 209 1078 laus,
230 1021 278 1070 sub
298 1039 350 1086 quo
365 1022 414 1070 hoo
428 1022 541 1071 liberum
550 1023 609 1074 fuit:
629 1042 722 1088 magua
742 1028 822 1084 illius,

63 1087 109 1151 qni
119 1084 170 1135 hae
178 1087 293 1137 libertate
304 1104 380 1137 ausus
389 1090 437 1137 uti.
470 1088 532 1139 Erat
542 1084 681 1155 φιλόκαλος
696 1108 775 1156 usque
789 1091 823 1141 ad

62 1152 205 1203 emacitatis
225 1170 253 1202 re
272 1154 458 1204 rehensionem.
493 1155 582 1206 Plures
601 1157 695 1207 iisdem
713 1158 740 1205 in
759 1159 822 1207 locis

62 1219 140 1268 villas
149 1173 303 1286 posnaniae,
314 1220 486 1287 adamatisque
496 1225 577 1280 novis,
593 1227 689 1288 priores
704 1227 821 1289 neglige·

62 1284 116 1335 bat.
152 1287 268 1336 Multum
278 1286 374 1354 ubique
383 1288 516 1346 librorum,
538 1292 653 1339 multum
670 1300 821 1350 statuas-um,

62 1354 179 1403 multum
193 1354 344 1418 imaginum,
364 1371 428 1419 quas
441 1373 494 1404 non
504 1355 613 1404 habebat
622 1352 709 1414 modo,
730 1370 822 1406 venna

63 1421 141 1469 etiam
156 1420 336 1470 venerabatur:
356 1421 460 1485 Virgilii
470 1433 528 1470 ante
544 1437 641 1477 omnes,
661 1423 732 1467 cuius
747 1432 822 1470 nata-

62 1486 119 1535 leua
139 1487 299 1553 religiosius,
324 1503 402 1552 quam
422 1504 514 1544 suum,
539 1486 692 1546 celebrabat,
712 1486 821 1553 Neapoli

61 1552 184 1613 maxime,
196 1552 241 1601 ubi
251 1555 442 1605 monimentum
452 1554 506 1601 eius
512 1552 590 1614 adire,
601 1553 769 1616 attemplum,
779 1570 821 1603 st>

62 1616 140 1668 lebat.
174 1618 205 1667 In
225 1618 272 1668 liae
290 1622 474 1685 nanqnillitate
489 1636 588 1668 annum
603 1620 725 1685 quintum
740 1631 766 1668 et
780 1636 820 1669 se-

58 1685 819 1817 tltfttffllittlelilti⁰lttttt⁰ltl²t32¹:2¹1

58 1817 109 1876 sul,
120 1818 153 1865 ita
163 1829 308 1882 postremus
319 1836 350 1867 ex
360 1818 488 1881 omnibus,
499 1836 562 1884 quos
575 1823 644 1874 Nero
652 1822 771 1871 eonsules
782 1823 819 1871 le-

57 1893 135 1944 terat,
145 1881 262 1934 decessit·
295 1885 368 1936 lllud
378 1887 453 1933 etiam
463 1886 583 1945 notabile,
603 1888 711 1938 ultimus
720 1905 750 1938 ex
761 1888 818 1938 Ne-

57 1950 175 1999 ronianis
185 1951 362 2000 consularibus
371 1950 442 2011 obiit,
461 1967 512 2014 qno
530 1955 635 2002 consule
646 1955 714 2004 Nero
733 1957 818 2019 periit.

59 2014 139 2079 Quod
150 2012 387 2081 moreconiantem,
406 2018 549 2082 tragilitatis
564 2019 691 2068 humanae
705 2023 815 2069 misera-

58 2079 181 2131 tioaubit.
216 2084 288 2150 Quid
304 2086 441 2134 enim'tam
457 2086 647 2145 circumcisum,
666 2095 719 2132 tam
729 2086 815 2146 breve,

58 2164 140 2212 quana
150 2147 261 2198 hominia
276 2151 329 2200 vita
343 2148 510 2211 longissima?
542 2148 585 2196 An
595 2166 647 2197 aon
659 2149 759 2199 videtur
769 2153 816 2200 tibi

57 2213 131 2264 nero
146 2214 227 2264 modo
246 2216 333 2274 luisse,
351 2231 433 2278 quum
443 2214 546 2262 interim
556 2232 587 2264 ex
597 2216 636 2274 iis,
657 2217 700 2280 qui
709 2217 758 2265 sub
768 2219 815 2267 illo

56 2291 189 2345 gesserant
198 2283 368 2339 consulatum,
390 2297 466 2328 nemo
481 2281 532 2328 iam
542 2280 674 2346 superest?
709 2285 814 2349 Quam·-

73 2362 136 2394 uam
155 2347 220 2411 quid
238 2347 288 2396 hoc
306 2345 409 2396 naiton?
445 2346 532 2410 Nuper
548 2348 643 2396 Lucina
658 2347 726 2408 Piso,
741 2361 814 2413 patet

53 2361 156 2462 {isonis
166 2415 244 2475 illius,
255 2415 299 2478 qui
310 2413 437 2464 aValeaio
454 2412 527 2461 Festo
537 2430 583 2478 per
597 2430 730 2462 summum
745 2415 812 2462 faoi.

54 2494 105 2527 nus
116 2479 144 2526 in
153 2478 240 2528 Africa
250 2481 345 2528 occisus
360 2490 405 2537 eat,
416 2477 498 2526 dicei-e
510 2478 614 2538 solebat,
634 2479 771 2527 Neminem
783 2498 812 2531 aa

52 2544 148 2594 sidere
157 2546 187 2595 in
196 2555 302 2606 senata,
323 2560 400 2614 quem
412 2543 506 2594 consul
519 2545 578 2613 ipse
592 2542 815 2596 sentententi-

50 2611 186 2677 famant.
223 2613 540 2680 Tamaaguso'aterminis
549 2610 832 2669 tantaeauult'atutlus'u
