1890 2924
345 168 468 221 rrrsr
501 166 606 221 xxiv..
788 176 843 231 229

89 290 179 338 regns:
202 272 296 338 quibus
305 269 430 336 reliquam
445 270 573 328 umbram,
590 283 615 320 et
624 269 756 320 residuum
766 270 843 321 liber·

89 345 148 389 tetis
158 342 366 405 uosneneripere,
378 338 482 396 durum,
493 340 583 398 ferum,
595 338 784 402 barbarumque
795 350 842 387 est.

88 405 171 455 Vides
185 425 198 454 a
210 406 325 460 medicis,
347 422 513 470 quamquam
524 407 559 453 in.
571 407 676 455 sdrcrsa
697 406 851 455 ualetudine*

88 473 159 524 nihil
170 474 238 521 servi
254 489 285 520 rc
298 471 376 520 liberi
385 471 510 529 different,
531 472 634 521 mollius
645 485 732 521 tamen
751 471 844 522 liberos

88 543 295 604 clementiusque
305 540 413 587 mussi.
434 538 583 595 Recordare,
603 536 665 603 qnid
679 556 797 604 quaeque
804 539 844 588 ci-

88 610 155 657 ritas
165 607 254 655 suerit:
274 623 327 654 non
336 615 365 652 ut
376 603 504 669 despicias,
515 603 649 668 quodesso
660 604 772 654 desierit.
786 604 844 655 Ab·

89 675 124 723 sit
134 670 260 738 superbis,
271 672 398 738 asperitas.
425 671 477 719 Nec
488 673 602 720 timueris
614 683 783 722 contemtum.
801 671 844 723 An

89 740 273 800 contemnitur,
284 739 328 802 qui
338 737 484 804 imperium,
495 740 539 802 qui
549 738 632 787 fasces
638 737 720 796 lsnbet,
743 741 789 788 nisi
799 742 844 804 qui

89 805 208 862 humilis,
214 816 244 854 et
253 802 379 864 sordidus,
389 815 414 852 et
424 804 468 869 qni
478 819 505 850 se
515 805 613 870 primus
624 805 844 871 ipseconternniti

53 879 67 892 ‘
88 871 160 920 Male
171 873 224 921 vim
233 886 308 920 suam
317 882 426 936 potestas
437 868 546 919 eliorum
561 870 722 920 contumeliis
740 874 843 937 experi-

89 950 152 987 tur:
185 939 253 985 msle
272 948 366 986 terrore
385 939 513 987 veneratio
531 935 685 1002 adquiritur3
716 939 844 1003 longeque

89 1004 218 1054 volentior
227 1019 300 1052 smor
318 1001 350 1052 sd
364 1001 539 1052 obtinendum.
548 1001 617 1067 quod
629 1004 698 1064 velis,
718 1022 796 1069 quam
810 1005 844 1054 ti-

89 1086 159 1121 mor.
180 1071 251 1119 Nem
267 1071 345 1118 timor
357 1068 418 1127 abit,
443 1069 466 1116 si
485 1069 800 1130 recedas31nsnetrmor:
818 1085 846 1120 ro

88 1137 211 1185 sicutille
221 1138 248 1185 in
257 1136 357 1198 odium,
375 1134 418 1183 hic
433 1137 460 1183 in
480 1135 650 1184 reverentiam
669 1138 785 1185 vertitur.
807 1137 846 1186 Te

88 1219 152 1252 cero
162 1203 248 1252 etism.
260 1214 341 1268 atque
355 1203 438 1251 etiem¹
452 1195 583 1266 (repetens
599 1200 681 1266 enim)
701 1201 846 1251 meminisse

89 1279 193 1335 oportet
211 1266 290 1318 'officii
313 1264 351 1317 tui
370 1268 486 1322 titulum,
506 1281 535 1314 sc
552 1266 600 1315 tibi
614 1267 672 1333 ipsi·
679 1268 846 1332 interpretari,

89 1335 167 1400 quale
177 1347 353 1405 qusnpumque
363 1334 399 1382 sit
404 1329 520 1381 ordinare
530 1341 624 1381 statum
635 1333 773 1382 liberarum
784 1333 847 1383 civi-

88 1413 184 1450 tatum.
199 1401 278 1452 Nam.
291 1399 355 1466 quid
372 1397 530 1448 ordinatione
548 1397 667 1448 civilius?
686 1396 756 1463 quid.
767 1399 848 1450 liher-

89 1467 144 1516 tste'
151 1467 310 1533 pretiosius?
328 1468 410 1516 Porro
419 1481 498 1531 quarn
506 1476 534 1513 tu
568 1481 589 1526 e,
600 1465 622 1512 si
633 1463 763 1515 ordinatio
769 1482 847 1516 eser·

91 1535 172 1592 sione,
185 1533 287 1583 ilbertus
296 1536 418 1583 servitute
428 1481 566 1581 mutetudi
580 1529 695 1594 Accedit,
715 1529 785 1597 quod
798 1531 848 1582 tibi

91 1612 221 1650 certssncn
233 1611 269 1648 est
279 1612 377 1650 tecum:
398 1610 487 1648 oneret
497 1609 523 1647 to
532 1609 680 1663 qusestrsrse
696 1609 756 1648 tuse
770 1599 847 1661 sams,

91 1683 172 1731 quem
182 1684 214 1716 ex
223 1665 341 1732 Bithynis
352 1667 475 1732 optimam
486 1665 619 1715 revexisti:
636 1676 725 1715 onerat
733 1666 848 1715 testimo·

90 1735 167 1783 nium
187 1733 325 1800 principis:
343 1745 433 1784 onerat
452 1732 603 1789 tribunatus,
623 1742 751 1798 praetore,
771 1742 848 1799 etque

89 1798 171 1848 irneci
192 1819 217 1849 ss
229 1801 331 1865 legatio,
343 1801 413 1864 quasi
424 1799 578 1866 praemium,
600 1797 667 1848 dstr.
685 1799 744 1865 Quo
764 1801 848 1866 magis

92 1820 228 1915 nitendissn
240 1879 283 1925 est,
303 1869 372 1915 nein
393 1867 534 1930 longinqua
545 1868 688 1931 provincis,
698 1867 848 1932 qusmsub·

91 1932 204 1997 urben23
222 1951 255 1982 ue
278 1934 344 1983 inter
363 1935 508 1987 servientes,
529 1931 727 1993 quamliberosq
747 1949 851 1979 nosos·

90 2012 127 2058 te,
135 2017 213 2063 qusm
224 1998 321 2048 iudicio
330 2000 437 2057 missus3
448 2013 480 2044 ne
491 1996 562 2044 rudis
574 2006 597 2043 et
607 1997 758 2061 incognitus,
768 2011 847 2060 quern

91 2067 238 2135 exploratus
257 2064 439 2133 probatusque,
458 2062 606 2122 humanior,
624 2063 724 2121 melior,
743 2064 846 2128 peritior

91 2134 169 2181 itsi'ssc
189 2132 310 2182 ridearis:
327 2148 410 2194 quum
431 2129 463 2178 sit
483 2129 586 2193 alioqui,
605 2139 634 2176 ut
652 2145 726 2195 ssepe
746 2125 846 2189 sudisti,

91 2215 167 2265 snepe
177 2199 271 2264 legisti,
291 2198 374 2246 muito
394 2196 537 2246 deformius
556 2195 682 2257 emittere,
703 2211 845 2260 quemnon

92 2264 200 2330 adsequi
212 2264 327 2314 laudem.
344 2265 412 2313 llaec
423 2259 607 2321 veiimcrcdos,
624 2261 706 2326 (quod
720 2264 793 2313 initio
804 2261 846 2311 di·

91 2333 130 2396 xi)
140 2333 269 2398 scripsisse
289 2348 332 2381 me
352 2329 542 2387 admonentem,
562 2345 614 2379 non
633 2329 846 2395 praecipientem

92 2400 459 2464 quamqosmprsecipientem
480 2411 592 2460 qnoque.
610 2396 713 2460 Quippe
732 2410 783 2442 nou
805 2409 848 2440 re-

92 2481 160 2523 reor,
172 2466 199 2513 in
211 2482 297 2514 amore
317 2483 348 2514 sse
368 2463 475 2514 modurn
487 2463 646 2511 excesserim·
663 2462 754 2522 Neque
776 2460 849 2507 enim

91 2531 295 2648 pleqicuiq'mlest,
319 2549 352 2582 ne
363 2533 395 2581 sit
404 2532 523 2590 nimium,
544 2527 614 2593 quod
634 2541 686 2575 esse
705 2524 848 2575 maximum

113 2611 180 2648 eret.
224 2614 271 2646 ae.
801 2622 805 2627 ·

366 2695 583 2713 ···-···-··
872 2668 914 2752 Ἰ
