1890 2924
105 158 163 219 224
296 115 479 203 cunuti
497 149 572 202 rus.
592 108 666 205 rut

105 260 154 308 ties
166 256 230 307 velis
240 268 351 305 cernere.
371 254 533 319 Quscunque
542 253 678 314 deeanssa,
697 270 784 321 perun

106 324 170 374 urbe
181 335 275 384 nostra,
297 323 418 386 iuxtaque
436 322 534 384 urbem,
553 339 605 370 nnn
617 323 699 370 oculis
708 320 784 371 mode

105 408 141 441 ne
152 389 256 439 atra-ibus
266 385 374 453 quidem
384 390 516 437 novimus:
545 405 609 453 quae
619 391 640 438 si
651 389 752 438 tulisset
761 386 784 439 A

104 455 249 522 Aegyptus,
268 453 338 518 Asia,
358 455 439 504 eliuve
450 454 577 519 quaelibet
591 456 781 505 miraculorum

104 520 359 586 nommendetrixque
369 531 447 582 terra3
458 518 552 580 audita,
564 521 684 586 perlecta,
709 524 784 571 lustri

105 587 270 639 haberemus·
282 586 340 654 Ipse
350 598 417 635 oerte
428 604 519 652 nuper,
535 587 604 652 quod
614 603 662 636 neo
670 586 784 638 audieret

105 665 139 715 te,
152 671 199 704 neo
208 655 332 716 videram,
344 652 432 702 audivi
441 654 535 719 pariter
546 665 571 702 et
579 652 642 704 vidi.
662 652 784 719 Exegerat

104 737 179 775 eooer
189 738 271 782 meus,
282 732 312 770 ut
321 717 444 770 Amerina
455 718 559 785 praedia
567 737 612 770 suu
622 719 784 786 inspicerem.

104 787 293 856 perambulanti
305 785 371 836 milri
380 785 524 834 ostenditur
535 787 667 836 subiacens
679 789 758 848 lacus,
779 803 784 834 1

16 908 22 915 ,
104 870 139 905 ne
149 852 316 915 Vadimon1s3
335 853 413 901 simul
424 850 551 917 quaedam
569 853 732 902 incredibilia
751 869 784 901 na

104 935 156 973 tur.
175 917 284 970 Perveni
293 917 327 968 ad
336 920 432 985 ipsum.
443 917 524 968 Lacus
535 929 572 968 est
581 920 609 968 in
619 912 784 969 similitudine

103 987 184 1036 centia
193 995 262 1034 rotae
268 986 486 1050 circumscriptus,
498 997 523 1035 et
533 983 648 1050 undique
657 987 784 1050 aequalis:

103 1052 145 1101 lue
155 1052 236 1109 sinus,
246 1051 384 1115 obliquitas
394 1053 474 1112 nulla,
494 1052 580 1101 omniu
591 1053 715 1113 dimensa,
735 1068 783 1116 par

103 1119 178 1184 quusi
190 1117 289 1168 artificis
299 1134 387 1177 manu,
408 1129 495 1168 cavata
510 1129 536 1167 et
545 1120 635 1167 excisa.
655 1117 734 1167 Color
745 1134 784 1173 cae

102 1183 229 1244 elbidi0r3
251 1182 356 1233 viridior
366 1196 391 1233 et
400 1185 507 1249 pressior
526 1184 670 1251 sulphuris:
691 1182 756 1233 odor
769 1202 784 1234 n

102 1249 315 1316 quemedicatus:
336 1252 442 1315 vinaque
467 1249 545 1299 fracta
564 1250 717 1300 solidantur.
742 1249 762 1299 S
782 1285 784 1297 .

101 1317 243 1380 modicum,
255 1314 424 1381 quodtamen
433 1318 526 1366 sentiat
535 1329 633 1378 ventos,
649 1329 678 1366 -et
688 1320 758 1366 ssuct'
781 1335 784 1363 ι

96 1394 236 1434 tumescat.
259 1381 337 1431 Nulla
348 1384 374 1430 in
384 1381 433 1430 boe
443 1385 515 1432 uaris
525 1380 606 1447 (sacer
615 1386 687 1432 enim
700 1386 750 1447 est)
760 1400 784 1433 se

88 1458 190 1501 'neunt
199 1449 297 1501 insulae
305 1447 439 1508 herbidae,
460 1466 549 1499 omnes
560 1448 685 1499 arundine
696 1451 784 1499 etium

102 1526 169 1583 etue,¹
186 1532 302 1581 quaeque
313 1516 360 1565 alia
372 1515 523 1565 foecundior
538 1518 621 1582 palus,
642 1518 748 1582 ipsaque
759 1518 784 1566 ill

100 1584 215 1632 tremitur
229 1584 299 1632 lacus
322 1583 403 1632 effert.
423 1581 475 1631 Sua
491 1584 583 1648 cuique
599 1585 688 1648 figura,
708 1595 738 1631 ut
747 1601 784 1632 nu

102 1651 201 1699 eunetis
212 1666 303 1714 margo
314 1647 427 1708 derasus,
447 1650 507 1714 quia
518 1649 665 1714 frequenter
683 1651 724 1698 vel
739 1649 784 1698 lito

101 1713 151 1762 tibi
162 1715 242 1763 illisae
253 1727 340 1764 terunt
355 1727 530 1780 terunturque.
553 1712 600 1764 Par
610 1714 729 1764 omnibus
739 1717 783 1765 alti

99 1795 146 1890 par
158 1779 263 1830 levitas:
296 1784 391 1848 quippe
402 1783 428 1829 iu
439 1783 552 1848 speciem
562 1786 661 1832 carinae
670 1781 784 1832 lurmilir

121 1842 270 1894 escendunt.
290 1846 359 1895 Haec
369 1848 399 1895 ab
411 1849 483 1896 omni
493 1850 747 1914 latereperspicitur:
767 1866 784 1897 e

100 1925 167 1974 aqua
176 1912 272 1976 pariter
279 1928 404 1979 puspenss
414 1924 439 1962 et
448 1930 540 1962 merua.
554 1913 691 1964 Interdum
702 1917 784 1966 iuncta

97 1976 287 2041 pulataeque-et
297 1981 439 2028 continenti
453 1981 550 2029 similes
562 1992 632 2045 snut;
653 1982 784 2032 interdurn

97 2041 259 2093 eordantibus
276 2048 359 2095 ventis
378 2043 545 2110 digeruntur:
575 2065 763 2112 nonnunquam
782 2072 784 2093 ι

96 2119 176 2167 tutae,
186 2112 377 2175 tranquillitate,
389 2114 503 2176 singulae
515 2116 627 2168 fluitant.
648 2113 730 2180 Saepe
741 2117 784 2165 mii

96 2174 245 2236 maioribus,
267 2178 338 2226 velut
352 2178 486 2242 cymbalae
506 2182 636 2241 onerariis,
656 2179 784 2233 adhaereat

96 2256 172 2307 saepe
182 2243 249 2290 inter
258 2260 283 2292 se
294 2244 399 2292 maiores
410 2247 574 2311 minoresque
593 2247 664 2312 qussi
677 2263 783 2298 cursum

95 2319 233 2373 tumenque
253 2308 407 2370 desumunt3
428 2328 516 2362 rui-sus
536 2331 624 2363 omnes
645 2314 671 2362 in
688 2312 784 2364 euntler

95 2375 295 2441 curnappulsae‚
316 2392 366 2439 qua
376 2387 508 2439 steterunt,
530 2391 683 2445 promovent
703 2393 784 2432 terrai

95 2439 175 2492 modo
185 2441 239 2501 bac,
259 2439 337 2491 modo
349 2442 417 2504 illue,
437 2446 523 2494 lacum
539 2445 651 2496 reddunt
666 2448 784 2499 auferunt

96 2521 125 2556 ac
134 2519 190 2558 tum
201 2506 314 2571 demum,
334 2526 416 2574 quum
426 2510 544 2562 medium
554 2523 668 2573 tenuere,
688 2531 741 2564 non
752 2530 782 2564 co

86 2570 163 2626 liunt
188 2576 302 2642 Constat,
322 2575 640 2647 pecoralierbassequuta,
659 2580 696 2629 sic
710 2581 784 2631 inim

81 2646 148 2697 uria
160 2649 423 2724 extremuni-ripum,
433 2645 575 2717 procedere
584 2644 784 2709 retorquemur
