1890 2924
246 160 448 213 PANEGYR.
465 158 550 212 CAP.
567 160 634 213 L1v.
642 162 696 214 ΙΝ.
776 173 833 230 353

82 264 122 314 tui
132 262 229 312 tlreatra
239 262 293 328 ipse
302 274 464 328 consurgent,
473 273 567 326 quento
577 261 659 327 magis
669 261 736 314 dete
745 281 833 319 scenae

82 329 202 380 silebunt.
221 328 275 378 Sed
285 326 347 393 quid
357 345 406 391 ego
416 327 483 377 istud
493 325 613 387 admiror,
624 345 706 392 quum
716 348 759 380 eos
768 350 833 396 quo-

82 413 133 463 que
143 396 266 453 bonores,
287 397 332 459 qui
342 393 389 444 tibi
399 413 413 443 s
423 394 498 442 nobis
507 394 656 455 offeruntur,
666 407 710 445 sut
720 397 833 450 delibare

82 463 238 529 parcissime,
248 472 293 509 eut
306 460 413 509 omnino
426 460 506 509 soleas
520 458 654 508 recussrci
684 462 757 512 Nihil
774 478 833 516 snts

83 542 138 578 tsm
147 529 261 592 vulgare,
271 538 325 575 tam
334 541 443 590 parrum
452 528 479 574 in
489 536 577 574 senstu
587 528 724 590 agebatur,
743 540 834 581 utnon

83 592 204 643 lendibus
228 594 376 657 principum
400 592 616 653 immorarentur,
639 593 834 661 quibuscunque

84 659 206 708 censendi
216 660 349 707 necessitas
357 656 495 706 accidisset.
520 657 561 706 De
570 658 716 723 ampliando
726 678 834 713 numero

83 723 271 789 gladiatorum,
291 735 335 773 sut
352 721 384 771 de
404 722 561 788 instituendo
579 725 688 789 collegio
703 726 834 778 fabrorum

83 790 293 840 cousrrlebsmur:
317 799 344 839 et
353 790 424 853 qussi
434 790 540 855 prolrtis
548 791 651 856 imperii
662 791 752 842 linibus
761 809 831 843 nnnc

80 857 196 920 ingentes
216 872 302 917 srcus,
321 870 517 920 excesmrosqus
531 858 686 923 temploenm
696 858 830 923 fastigium

80 923 177 984 titulos,
186 938 256 971 nunc
265 938 365 971 menses
381 924 467 980 etism,
481 934 530 970 nec
539 919 585 969 bos
594 923 717 987 singulos,
728 926 830 974 nomini

80 987 218 1038 Cressrum
223 986 377 1037 dicebamus.
383 986 638 1047 l'ntiebrnturilli,et,
644 991 714 1051 qussi
719 992 829 1040 meruis-

78 1052 320 1111 sent,lretrbantur.
347 1050 382 1101 At
400 1068 471 1101 nunc
487 1054 544 1117 quis
562 1064 688 1111 nostrum,
707 1065 830 1119 unquam

81 1120 176 1169 oblitus
184 1120 248 1177 eius,
258 1118 352 1183 dequo
362 1118 482 1177 refertur,
503 1116 620 1166 censendi
630 1115 744 1167 officium
753 1123 830 1184 priu-

79 1186 143 1251 cipis
152 1183 250 1234 honore
260 1182 405 1233 consumit?
434 1180 695 1233 Tnaemoderstionis
704 1183 759 1232 leus
768 1183 831 1235 hoec

79 1252 218 1301 constentie
228 1260 327 1299 nostres
347 1252 391 1299 tibi
401 1247 586 1313 obsequimur,
605 1244 712 1313 quodin
721 1250 831 1311 curium,

78 1333 132 1367 non
141 1314 176 1365 ad
184 1328 311 1364 certamen
319 1314 511 1375 adulationum,
529 1310 574 1362 sed
584 1312 617 1363 nd
627 1327 704 1362 usum
715 1328 829 1364 munus·

79 1397 131 1447 quo
140 1381 250 1429 iustitiae
259 1382 440 1440 convenimus,
456 1378 522 1428 hano
530 1378 686 1443 simplicitati
698 1392 754 1428 tuae
763 1380 831 1430 veri·

78 1448 176 1510 tutique
187 1447 292 1511 grstism
304 1448 416 1508 relaturi,
427 1457 456 1497 nt
464 1456 499 1503 te,
509 1460 573 1525 pure
588 1445 640 1503 ris,
663 1445 743 1503 velle,
763 1462 829 1511 quse

78 1527 134 1561 non
143 1511 192 1569 ris,
202 1511 272 1560 nolle
281 1510 421 1562 credunus.
439 1508 584 1591 incipimus
603 1508 674 1569 inde,
690 1509 830 1562 desinimus

79 1578 126 1636 ibi,
136 1592 212 1640 aquo
221 1575 308 1643 incipi,
318 1579 345 1627 in
355 1593 408 1643 quo
417 1576 500 1627 desim
517 1576 565 1626 sub
579 1577 630 1624 elio
644 1576 762 1642 principe
776 1594 830 1627 non

81 1653 174 1710 posset.
202 1641 270 1691 Nem
287 1643 421 1708 plerosque
434 1658 466 1693 es
480 1641 585 1691 decretis
603 1640 741 1720 bonoribus
751 1654 776 1692 et
785 1644 831 1693 alil

85 1720 316 1823 timii
327 1706 831 1840 iffiiiidiiiss‘offii’ifissffiiiiii

95 1854 147 1897 eor,
157 1836 260 1903 quondo
269 1855 320 1887 non
331 1838 444 1889 trabibus
454 1849 498 1887 rut
505 1840 569 1886 sexis
579 1853 674 1888 nomeu
684 1851 768 1904 tuum,
784 1838 831 1891 sed

97 1904 255 1955 nonomentis
264 1915 379 1955 reternee
389 1902 474 1953 lendis
484 1902 614 1953 inciditur.

129 1970 188 2021 ΙΝ.
198 1970 249 2019 Ibit
257 1970 284 2018 iu
293 1970 386 2030 seonls,
395 1970 473 2018 luisse
482 1970 633 2034 principem,
643 1971 686 2019 cui
694 1972 796 2021 florenti
805 1983 832 2022 et

107 2036 214 2097 columi,
224 2050 358 2099 nunqnam
366 2034 416 2083 nisi
424 2032 520 2083 modici
528 2032 645 2095 bonores,
655 2039 754 2102 saepius
765 2039 830 2087 nul-

116 2101 324 2151 decernsrentur.
352 2100 386 2149 Et
398 2115 473 2159 sene,
491 2099 512 2148 si
526 2099 636 2149 eclimus
646 2115 707 2151 cum
715 2104 831 2168 priorum

114 2181 231 2234 nporum
239 2166 497 2226 uece'ssitstecertsre,
512 2165 657 2215 vincemur:
676 2166 831 2231 ingeniosior

128 2235 200 2283 euim
209 2230 241 2280 rd
252 2228 449 2295 excogitandum
458 2230 587 2281 simuletio
597 2234 708 2293 reritste,
722 2234 830 2282 servitus

122 2310 205 2357 ertste,
219 2310 304 2348 metus
314 2313 411 2347 rmore.
431 2293 516 2347 Simul
525 2314 607 2363 quum
617 2297 769 2364 iampridem
777 2312 830 2345 no-

127 2380 144 2412 u
152 2366 236 2413 omnis
246 2364 389 2415 sdrrlstione
398 2374 530 2427 consumta
539 2366 584 2424 sit,
600 2380 652 2413 non
662 2363 725 2412 olins
735 2377 795 2426 erge
804 2372 830 2411 te

131 2445 165 2477 us
174 2428 256 2478 bonor
264 2441 392 2495 superest,
408 2432 515 2494 quamsi
525 2429 662 2493 sliqurndo
671 2426 703 2475 de
712 2440 737 2477 te
747 2426 830 2476 tacere

136 2508 232 2543 enmus-
242 2492 306 2559 Age.
313 2496 335 2544 si
346 2494 449 2560 prendo
459 2497 539 2560 pietus
549 2505 633 2542 nostra
642 2493 775 2559 silentium
782 2508 831 2541 ru·

141 2568 169 2607 et
178 2558 355 2608 rerccnndism
365 2572 436 2611 turm
445 2560 516 2619 viriet
521 2574 586 2625 quse
598 2558 731 2622 qrrrlisque
740 2556 836 2607 decer·

143 2639 172 2673 ns
180 2639 235 2737 παὶ,
244 2632 335 2675 turon
343 2624 455 2679 recusari
463 2632 506 2689 :ut
512 2618 860 2743 spumesssn'pnmpublu

147 2704 189 2739 2111·
223 2704 269 2741 ΔΙ.
496 2730 500 2735 .
