1890 2924
248 176 254 181 .
301 88 359 190 eoo
488 118 664 173 crnrnn
682 116 873 175 sacrum-
909 118 919 153 ·-

298 242 374 278 mum
385 223 524 277 discrimen
537 221 647 272 adducta
657 216 808 287 respublica,
818 234 934 291 experta
944 255 945 269 ι

298 294 368 343 ribua
381 294 466 343 virum
481 298 603 352 posceret,
622 305 676 337 noa
686 290 831 337 eonaulatna
841 288 940 341 lromin

300 359 376 417 (lem,
395 356 441 407 aad
455 355 534 405 iidem
549 354 666 411 homines
682 354 858 404 contulatibne
869 356 939 407 redd

297 427 380 476 Tanta
390 424 436 472 tibi
445 417 621 470 benefaciendi
632 420 683 480 via,
699 431 728 468 ut
738 417 900 487 indulgentia
932 449 935 462 ·

298 492 384 541 ritate·
400 488 551 537 aemuletur.
575 484 656 533 Modo
667 495 806 550 praetextae
817 503 945 539 exnerau=

297 565 384 609 mut:
403 553 482 602 modo
492 554 592 601 lictores
602 549 673 600 abire
683 552 822 612 iusseraut3
842 570 942 603 reroce

298 612 333 671 do
343 621 496 687 gratulantes
512 616 588 667 amici
602 628 773 680 recesseran23
792 630 917 669 revertan
938 647 941 662 ·

296 686 409 738 minime
420 682 489 733 istud
498 684 636 748 ingenium
643 680 705 731 etti'
729 682 842 733 hominia
857 696 904 750 pot
935 713 937 722 ›

296 768 390 803 novare
398 749 497 831 pendia,
503 748 676 814 redintegrare
682 750 815 815 laetitinm,
825 753 935 803 niallam

327 814 506 867 atnlattonihua
516 812 583 872 dare,
597 829 681 877 neqne
691 815 740 862 alia
750 816 898 879 repetendie
910 834 944 867 co

314 899 344 931 ua
353 881 485 930 intervalla
494 880 653 945 permittere,
666 880 715 927 niai
727 880 790 928 dum
800 881 934 933 finiuntur

295 948 342 997 iata
354 962 463 1014 semper,
474 961 522 993 nec
532 960 646 1009 unquam
656 943 738 992 inhoc
743 960 818 1010 opere
825 952 923 998 antaui
933 977 945 992 ..

295 1023 340 1063 aut
350 1012 454 1061 fortuna
461 1011 576 1059 leuetur.
592 1011 644 1058 Dea
664 1027 742 1073 qnam
756 1010 877 1075 plurimis
887 1024 943 1065 tert

295 1078 401 1137 aniame,
413 1090 445 1137 et,
456 1093 537 1141 quum
546 1077 667 1140 plurimis
677 1077 764 1123 tertios
780 1079 935 1129 consulatue

299 1159 400 1209 eemper
410 1154 497 1191 tamen
506 1142 600 1207 plures,
621 1140 712 1204 quibua
723 1139 814 1188 debean
825 1140 900 1205 dare,
917 1163 930 1195 a
939 1171 943 1190 t

347 1207 430 1258 Lxlt.
451 1206 580 1256 Omnium
590 1206 697 1270 quidem
706 1204 902 1269 beneficiorum,
927 1236 942 1253 υ

295 1274 409 1324 tentibus
429 1272 595 1330 tribuuntur,
613 1287 665 1318 nou
685 1267 718 1318 ad
733 1272 801 1335 ipaoa
816 1274 913 1335 gaudi
940 1306 945 1321 .

296 1354 376 1404 quam
381 1338 413 1388 ad
419 1337 513 1385 similes
521 1334 660 1385 redundat:
670 1338 806 1401 praecipue
815 1348 909 1390 tamen
919 1360 935 1393 e

295 1406 437 1465 eonaulatu,
455 1421 508 1451 non
518 1400 552 1451 ad
560 1413 659 1514 partem
670 1402 785 1466 aliquam
794 1415 910 1467 cenatus,
917 1426 945 1457 a.

294 1480 352 1521 tum
361 1479 479 1520 aenatnm
489 1478 556 1517 tanta
576 1468 659 1517 aetitia
669 1468 795 1532 pervenit,
804 1480 834 1517 ut
843 1471 935 1522 eunde
944 1503 945 1518 ι

293 1552 352 1586 rem
360 1550 449 1587 omnes
459 1535 506 1582 cibi
517 1544 542 1582 et
552 1533 649 1583 dedisse
660 1535 813 1598 etaceepiane
820 1534 940 1587 videant·

292 1618 326 1668 pe
335 1604 406 1652 enim
416 1600 443 1648 hi
453 1611 520 1661 arent,
532 1614 596 1662 quoa
606 1609 719 1658 renatus,
736 1615 817 1662 quum
828 1602 932 1665 publici

291 1669 342 1716 bna
350 1664 498 1715 minuendis
508 1665 638 1730 optimum·
646 1680 775 1728 quemque
784 1667 922 1729 praeficer-v

293 1730 433 1795 etquidem
442 1733 548 1795 primos.
568 1728 623 1778 Hoc
634 1739 671 1776 eet
680 1730 767 1792 igitur,
778 1729 828 1779 hoc
838 1743 886 1787 eat,
898 1752 945 1799 qu.

293 1806 335 1844 tue
346 1797 404 1845 illoc
415 1798 501 1844 animo
512 1795 625 1845 Caesaris
636 1796 784 1844 insinuarit.
811 1794 855 1845 Au
865 1815 893 1862 ρ’
944 1832 945 1845 ι

292 1863 387 1927 experti
400 1876 502 1919 eumne,
521 1861 589 1919 hane
599 1876 652 1910 ease
660 1877 749 1909 rerum
758 1861 941 1917 conditionem

291 1938 366 1975 natue
375 1926 447 1976 favor
456 1925 526 1991 apud
537 1928 681 1993 principem
696 1937 740 1975 ant
752 1927 846 1992 prosit,
866 1940 915 1979 ant

291 1992 382 2043 Nonne
392 1993 479 2057 paullo
489 2003 546 2040 aute
556 1991 621 2041 nihil
631 1992 711 2057 magia
721 1993 822 2042 exitiale
833 2006 897 2054 erat,
919 2014 937 2063 q

290 2056 315 2106 la
324 2058 445 2122 principia
456 2057 591 2120 cogitatio?
610 2059 690 2107 Hunc
699 2066 810 2107 cenatus
815 2060 933 2124 probat,

290 2122 371 2175 ualui
379 2139 456 2171 curua
465 2132 517 2172 eet·
537 2121 642 2183 Oderat,
654 2139 772 2187 qnoanoa
782 2140 932 2177 amaremur

289 2205 345 2247 noe,
356 2205 418 2254 quoa
428 2187 482 2236 ille.
506 2188 582 2238 Nunc
591 2187 655 2237 inter
664 2191 809 2255 principem
818 2202 939 2242 senatum

288 2255 406 2320 gnlaaimi
415 2256 536 2318 cuiusque
556 2255 657 2302 caritate
674 2265 792 2304 certatur.
826 2255 933 2308 Demou

289 2321 408 2380 invicem,
418 2317 545 2368 credimus
556 2319 676 2378 invicem,
688 2318 935 2384 quodqnemaximn

287 2386 321 2437 aia
332 2390 416 2437 mutui
427 2389 533 2453 rignum
541 2396 585 2444 eat,
591 2382 694 2434 eoadem
704 2402 830 2435 amamus.
836 2386 937 2438 Proind

287 2451 370 2503 favete
380 2464 473 2520 aperte,
483 2450 581 2515 diligite
591 2462 744 2500 constanter.
769 2454 830 2504 Non
845 2452 903 2502 iam
916 2454 944 2504 di

279 2517 377 2587 laudnt
386 2531 425 2574 est
434 2535 516 2578 amor,
530 2535 563 2568 ne
573 2527 675 2579 noceat3
693 2534 747 2567 non
756 2518 937 2582 premendum

260 2593 265 2664 J
283 2619 293 2630 ἰ
315 2593 416 2661 proiit.
438 2589 541 2647 Eadem
549 2582 939 2663 Cacoutffiwteuatuuffl
