1890 2924
328 154 590 223 nr.1sr.1x.x.
807 166 843 224 ῃ
892 142 901 150 “

80 259 253 315 hasbina
266 261 400 326 relegatus.
432 260 497 311 Dari
516 262 565 312 sibi
584 259 654 311 diem
673 257 707 311 ad
722 260 844 313 diluenda

72 329 196 399 ,qiamna
214 329 364 393 postularit.
403 327 532 379 Neutrum
556 328 713 394 impetrarit3
742 338 843 377 cosmus

80 394 222 447 'oftstatim
232 392 396 459 respondere:
412 393 557 459 respondit:
577 388 676 443 malum
684 410 844 459 pravumque

75 460 231 525 ,ingenium
246 459 358 509 hominis
368 461 435 521 iacit,
455 472 486 508 ut
496 459 620 517 dubitem,
641 461 796 509 confidenter
810 478 843 509 an

87 536 243 585 consumor,
263 537 329 574 certe
348 528 514 592 paratissime.
549 524 655 574 Obiecta
673 536 733 574 sunt
752 528 843 585 multa,

87 592 263 658 qune'magis‚
284 609 362 655 quam
377 591 565 657 praevaricatio,
585 602 737 640 nocuerunt.
772 592 845 655 Quin

88 660 166 721 etiarn
177 657 229 706 duo
240 659 394 717 consulares,
410 655 566 722 Pomponius
576 657 656 705 Rufus
667 668 692 705 et
701 656 766 706 Libo
781 658 846 706 Fru-

88 725 124 789 gt,
134 722 335 786 laeserunteum
346 725 501 782 testimonio,
514 734 635 787 tanquam
646 723 715 788 apud
724 722 844 784 iudicem,

87 789 138 841 suh
149 790 308 847 Domitiano,
329 790 411 839 Salvii
420 790 544 839 Liberalis
555 789 739 838 accusatoribus
749 788 846 837 edirria·

91 867 141 905 set.
174 855 318 903 Damnatus
332 857 399 904 etin
414 856 526 904 maulam
540 857 666 919 relegatus
676 866 723 904 est.
757 855 845 919 itaque

91 937 178 987 quum
188 917 292 971 Castam
302 937 453 978 accusarem,
473 920 541 969 nihil
558 922 639 986 magia
658 922 749 986 pressi,
768 937 846 984 qnam

129 984 847 1052 odaccusatoreiuapraevaricationiscriminecosruisset.

88 1068 91 1073 ·
128 1056 179 1103 essi
188 1064 275 1102 tamen
289 1054 400 1105 frustra:
420 1054 512 1103 accidit
532 1055 604 1101 enim
619 1069 659 1101 res
679 1055 803 1103 contraria
821 1065 847 1102 et

91 1136 168 1180 nova,
178 1131 215 1176 ut,
227 1132 370 1169 accusatore
380 1119 598 1184 praevaricationis
609 1117 736 1181 damnato,
746 1136 789 1169 rea
799 1119 843 1167 als·

91 1187 244 1235 solveretur.
279 1186 392 1250 Quaeris,
403 1185 530 1249 quiduos,
552 1184 617 1234 dum
637 1184 699 1233 haec
717 1183 846 1250 aguntur?

90 1250 267 1301 Indicavimus
277 1253 383 1309 senatui,
404 1267 434 1299 ex
445 1249 565 1309 Norbano
575 1249 691 1299 didicisse
701 1266 747 1299 nos
756 1251 848 1316 publi-

89 1332 147 1366 cam
163 1333 292 1377 caussam,
316 1333 454 1381 rursusque
473 1316 565 1366 debere
585 1333 615 1365 ex
633 1316 733 1381 integro
742 1315 847 1374 dissue

90 1383 167 1432 siille
177 1387 361 1448 praevaricator
371 1383 528 1453 probaretur·
562 1381 647 1445 Atque
659 1382 707 1439 ita,
725 1379 847 1429 dumille

151 1450 220 1514 gitur
238 1466 309 1508 reus,
328 1448 451 1499 sedimus:
471 1460 557 1516 postea
574 1446 712 1496 Norbanus
730 1447 849 1496 omnibus

88 1464 182 1563 dietim
205 1515 357 1579 cognitionis
376 1516 502 1570 interfuit:
530 1511 691 1576 eandemque
716 1529 796 1577 usque
816 1512 849 1562 ad

90 1591 238 1631 extremum
256 1583 296 1630 vel
320 1583 487 1631 constantiam
513 1579 555 1628 rel
579 1577 712 1628 audaciam
735 1581 848 1645 pertulit.

89 1646 224 1712 Interrogo
242 1647 296 1712 ipse
310 1662 365 1707 me,
384 1665 416 1696 an
436 1643 534 1710 aliquid
553 1645 685 1695 omiserim
703 1662 804 1696 rursus:
823 1659 848 1696 et

89 1727 179 1761 rursus
198 1730 280 1779 paene
301 1715 385 1763 omisi.
419 1710 528 1761 Summo
547 1709 589 1761 die
606 1711 705 1762 Salvius
725 1713 847 1764 Liberalis

89 1775 202 1843 reliquos
225 1779 321 1842 legatos
347 1782 454 1842 graviter
485 1780 622 1844 increpuit,
650 1790 771 1844 tannsm
794 1798 847 1830 non

89 1860 194 1904 omnes,
213 1861 277 1909 quos
290 1845 435 1895 mandasset
444 1847 586 1909 provincia,
609 1861 665 1895 reos
679 1850 846 1912 peregissent,

88 1921 178 1975 atque,
198 1922 228 1959 nt
237 1923 275 1960 est
284 1911 422 1961 vehemens
433 1921 457 1957 et
468 1908 588 1971 disertus,
607 1911 634 1959 in
644 1909 779 1962 discrimen
797 1913 844 1963 ad·

90 1976 175 2027 duxit.
190 1975 295 2025 Protexi
305 1979 371 2026 viros
380 1977 501 2043 optimos,
518 1975 670 2041 eosdemque
681 1981 847 2043 gratissimos:

85 2041 158 2093 *mihi
168 2053 236 2090 certe
246 2042 338 2091 debere
348 2060 374 2090 se
385 2041 542 2107 praedicant,
553 2043 623 2107 quod
632 2045 708 2092 illum
719 2046 846 2095 turbinem

90 2110 230 2159 evaserint.
262 2107 310 2157 Hic
320 2111 366 2158 erit
376 2109 493 2173 epistolae
504 2108 574 2168 finis,
593 2126 691 2158 revera
702 2113 768 2161 finis:
784 2113 847 2162 lite-

89 2190 212 2224 rannon
230 2172 335 2237 addam3
365 2175 460 2224 etiarnsi
479 2171 563 2223 adhuc
580 2175 678 2241 aliquid
696 2181 845 2244 praeterisse

89 2256 135 2290 me
152 2255 265 2291 semero-
299 2240 372 2292 Vale.
789 2264 794 2277 ,

453 2340 478 2392 X

90 2406 167 2475 Quae
185 2407 217 2456 de
235 2406 385 2472 Spurinnae
401 2407 461 2470 filio
479 2376 670 2474 composuerat,
690 2406 846 2473 parentibus

157 2474 244 2522 mittar
253 2472 365 2541 legendo
375 2484 403 2524 et
412 2475 584 2524 emendanda.

90 2552 123 2605 C.
140 2552 282 2606 PLINIVS
297 2553 492 2606 srvmrtrtru
504 2557 572 2606 SVO
587 2558 634 2609 Er
648 2552 809 2611 (EORVM,
821 2556 855 2607 s.

142 2635 314 2703 ⁰0¹¹¹P⁰¹¹¹t3⁸⁶
322 2655 366 2691 ms
381 2639 511 2709 quaedam
521 2642 554 2697 de
564 2646 623 2699 uuo
636 2653 744 2709 aestro,
760 2658 823 2694 nou
836 2640 875 2692 dx·
