1890 2924
373 153 506 209 EPIST·
525 154 585 209 xtt.
802 166 839 220 21

79 257 156 310 liuns
165 256 322 317 abstinentia,
333 259 471 317 sanctitate,
486 254 570 322 quoad
581 256 672 308 viridis
680 268 756 319 setas,
776 258 840 307 vicit

76 337 102 375 et
110 327 202 392 fregit5
211 326 348 374 novissime
358 340 418 373 cum
428 335 559 373 unsctute
568 326 596 373 in
627 382 630 387 Ι
643 326 789 389 mussitem
800 326 840 374 vi-

76 392 148 442 ribus
169 393 251 441 animi
270 390 418 440 susurrelsat.
439 392 566 460 Quumnq
631 392 635 399 '
662 391 837 441 ¹incredibiles

77 460 204 508 cruciatus
211 469 237 506 et
246 456 423 523 indignissima
429 457 760 522 mittamuliam
766 458 836 506 euim

77 525 153 575 dolor
162 541 216 573 nou
227 521 338 589 pedibus
345 517 537 588 soliaffpiitis,
548 523 682 581 insidebat,
693 524 740 573 sed
750 524 837 573 omnis

77 591 194 641 membru
205 587 347 655 perram
376 590 409 653 sal
428 592 489 638 veni
500 588 532 637 ad
544 606 605 639 eum
615 591 757 639 Domitiani
768 601 838 639 tem·

77 658 190 725 poribus,
207 660 232 704 iu
247 602 536 771 sufficientium·
555 654 630 705 Servi
640 672 654 703 s
665 655 782 705 cubiculo
791 672 837 704 re-

78 735 224 772 cesserunt:
244 720 276 770 lta
366 723 437 771 euim
447 721 496 770 lsoo
505 722 594 780 moris,
614 724 712 786 quoties
721 724 839 772 iutrssset

77 788 179 839 fidelior
198 789 307 836 amisus.
326 787 485 852 Quinetiam
497 804 567 848 uxor,
587 804 744 853 quamquam
754 788 838 837 omnis

77 858 167 905 secreti
189 853 359 918 capacissima,
379 852 574 918 digredisbatur.
596 853 762 903 Circumtulit
771 869 838 902 ocu·

77 922 125 975 los.
136 933 171 981 et,
184 918 246 981 Gur,
257 920 347 982 iuquit,
357 936 398 968 me
403 928 491 983 putus
499 918 546 970 ltus
562 928 650 971 mutos
658 920 839 971 doloremm-

80 988 126 1037 tlsrs
136 983 346 1046 sustineretur,
365 985 477 1046 scilicet,
497 986 548 1035 isti
563 987 667 1038 latroni
681 987 725 1038 vel
733 1002 786 1037 uno
796 987 840 1036 dis

78 1053 221 1119 supersim.
241 1049 361 1101 Detlirres
379 1050 440 1100 ltuic
459 1054 600 1118 auimopsr
619 1069 719 1118 corpus,
740 1055 840 1102 lecisset

79 1118 151 1184 quud
161 1119 272 1184 optabat.
284 1117 379 1167 Atlsttit
388 1130 475 1167 tamen
485 1116 547 1167 deus
559 1130 625 1180 roto¹
636 1122 709 1168 cuius
718 1122 839 1169 illecom·

78 1202 134 1250 pos,
145 1186 236 1233 utiam
246 1200 350 1233 securus
358 1183 475 1249 liberque
485 1187 632 1246 moriturus,
647 1187 729 1235 mults
740 1187 783 1234 ills
793 1186 838 1233 vi·

80 1264 128 1308 tae.
143 1249 191 1300 setl
201 1252 312 1309 minora,
330 1251 469 1300 retinacula
479 1250 590 1317 abrupit.
610 1251 757 1301 Increverat
771 1250 840 1300 vals·

81 1316 152 1378 tutio,
163 1334 242 1381 quam
252 1318 540 1381 temperantiamitigare
547 1319 666 1375 teutarit3
676 1332 841 1381 perseuerau-

80 1396 131 1434 tem
141 1384 282 1432 constantia
292 1384 319 1431 su
339 1384 367 1430 it.
389 1383 444 1432 lam
453 1381 507 1432 diss
517 1384 590 1441 alter,
607 1384 703 1440 tertius,
723 1392 841 1445 quartus:

81 1449 225 1500 abstinebat
234 1449 300 1497 cibo.
319 1400 391 1498 iiiiii
401 1449 433 1498 atl
444 1466 486 1497 me
498 1465 562 1497 uxor
573 1448 627 1496 eius
638 1446 756 1511 Hispulla
766 1461 841 1495 cotn-

82 1532 188 1566 muuem
199 1517 314 1565 amicum
334 1514 363 1564 C.
374 1516 528 1566 Geminium
538 1529 599 1561 cum
618 1513 762 1562 tristissimo
773 1529 841 1561 utsu-

82 1584 126 1643 tio‚
144 1583 296 1633 destinasse
309 1580 451 1631 Corellium
461 1580 538 1641 mori,
557 1595 606 1629 nec
615 1580 733 1629 outsuis
742 1578 837 1644 autfi-

80 1646 347 1715 lt'aeprecr'busflecti
352 1670 365 1709 ,-
374 1649 458 1698 colum
469 1662 606 1713 superesse
614 1662 689 1707 me,a
697 1662 840 1715 quoretto-

79 1718 136 1766 cori
142 1724 239 1782 posset
248 1715 287 1765 ad
293 1719 391 1766 vitam.
412 1713 534 1762 Cucurri:
555 1723 725 1779 perveneram·
738 1715 764 1761 in
775 1730 839 1779 pro-

78 1784 189 1841 ximum,
210 1798 292 1844 quum
302 1781 366 1830 milri
376 1781 408 1829 ab
418 1781 507 1829 eadem
517 1780 634 1845 Hispulla
645 1779 728 1829 lulius
737 1776 840 1829 Atticus

80 1849 191 1906 utitttiat,
211 1848 276 1895 stiltil
287 1849 338 1896 iam
348 1863 381 1896 ne
392 1864 433 1895 tne
443 1847 550 1910 quidem
559 1848 768 1911 impetraturum:
787 1856 841 1894 tem

81 1914 208 1963 obstinate
228 1915 310 1978 magis
329 1930 358 1962 ac
376 1914 459 1976 magis
476 1912 632 1961 induruisse·
657 1914 762 1963 Dixerat
779 1930 841 1961 sane

80 1978 183 2030 medico
194 1976 345 2029 admoventi
355 1980 579 2045 eibumtttspuu,
587 1990 841 2042 quaevoxqttantum

81 2044 301 2097 admirationis-in
312 2047 398 2095 animo
407 2062 475 2102 meo,
491 2057 590 2094 tantum
600 2043 719 2093 desiderii
731 2043 841 2109 reliquit.

82 2111 189 2177 Cogito,
209 2127 262 2175 quo
272 2114 369 2170 amico,
390 2128 442 2177 quo
453 2114 507 2161 siro
518 2127 628 2161 caream.
646 2111 770 2177 implerit
779 2110 840 2175 qui-

82 2178 142 2228 tlssu
163 2194 264 2227 sunum
283 2180 422 2245 septlmum
442 2179 680 2242 etsexsgesimum‚
700 2187 841 2241 quaeretur

81 2247 161 2295 etiam
171 2245 354 2294 robustissimis
364 2245 423 2293 satis
432 2245 509 2307 longa
520 2257 567 2307 est:
578 2244 638 2291 scio.
648 2244 738 2292 Evasit
748 2258 841 2307 perpe-

81 2322 154 2361 tuam
174 2309 361 2371 valetudinem:
379 2313 441 2360 scio.
462 2312 576 2361 Decessit
590 2309 769 2374 superstitibus
780 2309 841 2363 suis,

81 2378 187 2426 florente
206 2377 353 2442 republica,
372 2393 435 2442 quse
445 2377 484 2427 illi
494 2376 613 2429 omnibus
623 2377 676 2424 suis
687 2376 767 2422 carior
778 2384 841 2420 erat:

81 2454 106 2493 et
113 2442 164 2491 ltoc
173 2444 237 2493 scios
247 2444 304 2509 Ego
315 2455 407 2499 tament
417 2442 690 2507 tanquamet'iureuis‚
702 2449 727 2487 et
737 2438 840 2484 fortissi-

82 2510 129 2569 stsi,
149 2520 236 2559 morte
256 2508 345 2559 doleo:
365 2508 441 2557 doleo
449 2520 539 2561 autem
548 2501 862 2575 (instruetnlsecitlum

82 2576 168 2639 putes)
185 2592 246 2625 meo
262 2577 374 2627 notuisse.
392 2575 483 2643 Amisi
503 2580 591 2642 euim,
605 2576 688 2629 sttt'ts't
702 2570 778 2621 uitae
798 2578 880 2614 meas·

78 2652 172 2743 ‘rum'
180 2652 314 2707 'moran'
324 2646 502 2717 mamm·
509 2648 549 2705 h
560 2662 689 2711 litum,
704 2638 805 2692 biom
816 2637 899 2697 quoti
