1890 2924
339 177 470 230 rrtsr.
490 179 581 230 v111.
787 184 842 244 ttt

88 280 183 331 licitat:
203 294 245 329 res
254 277 359 328 homine
371 277 686 345 dignissima,praesertim
694 282 737 346 qui
747 281 843 333 nullius

88 345 141 395 sibi
152 347 265 398 conscius
276 345 376 408 culpae,
382 347 532 410 posteritatis
541 348 691 395 memoriam
701 363 754 396 non
764 347 844 396 refer»

88 410 181 463 mitlet·
210 413 299 475 ltaque
310 409 399 463 diebus
408 425 436 458 ac
446 409 562 459 noctibus
574 414 669 475 cogito,
688 415 710 464 si
730 429 784 481 qua
802 430 856 464 me,

89 493 196 545 quoque
203 476 306 541 possim
316 473 419 529 Tollere
428 475 522 525 ltttmo:
533 475 571 536 (id
582 478 651 526 enim
656 491 713 527 voto
720 495 780 528 meo
790 479 844 528 suf·

89 543 154 592 ficit:
182 541 251 593 illud
270 558 346 606 supra
365 542 467 607 votum)
486 541 624 610 victorque
634 544 721 594 virtim
730 545 845 595 volitare

88 625 139 675 per
151 623 209 657 ora.
231 609 399 675 Quamquam
408 607 440 656 o!
460 605 513 657 Sed
522 606 571 657 hoe
580 609 639 658 satis
649 621 695 669 est,
707 610 778 675 quod
786 627 846 676 pto-

90 691 125 740 pe
136 675 190 723 tola
204 672 310 722 historia
327 673 443 738 polliceri
458 672 567 726 videtur.
596 672 713 729 Orationi
732 676 803 725 enim
821 687 847 725 et

91 739 288 804 carminiparva
298 740 391 804 gratia,
409 739 459 788 nisi
470 740 615 804 eloquentia
622 743 654 790 sit
663 758 776 792 summa:
800 741 846 790 hi·
902 750 904 754 “

91 806 170 856 storia
180 820 283 869 quoquo
293 804 370 853 modo
380 807 472 870 scripta
482 804 597 856 delectat·
628 805 696 856 Sunt
710 809 780 858 euim
795 806 847 855 lto-

92 872 179 920 mines
189 883 280 921 natura
290 871 396 931 curiosi,
416 882 441 919 et
452 871 594 936 quamlibet
604 874 673 923 nuda
692 888 779 922 rerum
798 887 846 921 oo·
859 900 861 905 ,

93 938 209 1002 g'nitione
217 939 362 1002 capiuntur,
373 947 403 984 ut
412 939 456 1001 qui
466 940 637 988 sermunculis
646 941 719 988 etiam
730 937 844 987 fabellis·
860 999 863 1002 ψ

91 1020 143 1068 que
153 1002 290 1053 ducantur.
311 1003 365 1059 ‚Me
374 1019 435 1052 vero
445 1002 479 1053 td
488 1003 535 1055 hoc
545 1004 659 1053 studium
670 1004 782 1070 impellit
792 1003 849 1054 do-'

90 1068 228 1117 mesticum
238 1084 340 1132 quoque
350 1070 507 1133 exemplum.
516 1067 752 1130 Avunculusmeus,
760 1067 844 1120 idem·

91 1151 142 1200 que
153 1149 199 1198 per
208 1130 374 1200 adoptionem
382 1146 463 1199 pater,
481 1134 610 1196 historias,
630 1148 655 1184 et
664 1134 771 1199 quidem
779 1135 844 1183 reli-

91 1199 247 1264 giosissime,
266 1199 376 1264 scripsit.
405 1202 515 1249 invenio
531 1211 619 1249 autem
634 1199 702 1266 apud
711 1202 843 1264 sapientes,

90 1265 363 1315 honestissimumesse
373 1267 500 1316 maiorum
510 1265 612 1330 vestigia
623 1266 708 1330 sequi,
727 1268 749 1313 si
765 1265 852 1313 modo·
863 1294 865 1307 ·

90 1331 462 1396 rectoitinerepraemetet-int.
499 1330 548 1380 Cur
572 1347 620 1395 ego
639 1327 765 1378 cunctor?
793 1329 842 1393 Egi

90 1412 198 1462 magnas
205 1408 229 1444 et
234 1413 323 1461 graves
333 1411 441 1445 caussas.
463 1397 516 1445 Has
526 1396 634 1460 (etiamsi
644 1394 711 1443 milri
721 1395 804 1443 tenuis
813 1409 844 1442 ex

91 1466 130 1517 eis,
140 1461 209 1527 spes)
222 1463 320 1511 destino
330 1473 474 1520 retractare,
486 1473 613 1511 retentus
625 1461 669 1508 ille
679 1458 751 1507 labor
762 1475 843 1519 meus,

90 1531 118 1577 rai
131 1527 186 1587 hoo,
207 1527 276 1592 quod
286 1529 417 1591 reliquum
427 1538 464 1576 est
473 1525 565 1586 studii,
585 1522 720 1582 addidero,
740 1540 843 1573 mecum

91 1596 187 1659 pariter
192 1591 334 1642 intercidat.
345 1593 412 1641 Nam
418 1595 439 1641 si
444 1594 567 1642 rationem
577 1591 731 1657 posteritatis
741 1588 842 1654 habeas,

90 1658 217 1725 quidquid
232 1675 283 1706 non
294 1670 331 1707 est
340 1670 479 1724 peractum,
488 1668 535 1724 p'ro
546 1675 597 1706 non
608 1655 724 1707 inchoato
735 1668 781 1711 est,
797 1656 843 1704 Di·

91 1742 142 1781 ces‚
153 1727 235 1774 Potes
246 1723 327 1775 simul
336 1731 364 1772 et
372 1724 518 1775 rescribere
526 1723 654 1780 actiones,
665 1730 693 1772 et
701 1738 841 1788 compona-

90 1809 121 1841 re
130 1789 283 1840 historiam.
311 1788 431 1841 Vtinam!
450 1789 493 1839 ted
506 1801 644 1853 utrumque
655 1800 707 1838 tarn
717 1806 842 1855 magnum
864 1812 866 1817 ·

91 1870 138 1917 est,
146 1867 175 1904 ut
180 1855 281 1906 abundo
290 1855 324 1905 sit
332 1856 441 1905 alterum
452 1854 557 1905 efficere.
569 1853 767 1904 Vadetieesimo
777 1866 843 1904 aeta-

90 1924 125 1973 tis
135 1938 205 1971 anno
214 1920 298 1971 dicere
312 1923 339 1969 in
352 1922 409 1970 loro
425 1925 506 1986 coepi,
526 1931 551 1968 et
560 1937 628 1969 nunc
639 1919 759 1978 demum,
778 1919 843 1984 quid

90 2000 219 2056 praestare
234 1985 325 2036 debeat
343 1998 433 2046 orator,
452 1986 536 2036 adhuc
546 1997 630 2038 tamen
641 2001 687 2049 pet·
696 1985 843 2049 caliginem,
861 2032 865 2038 ,

90 2051 176 2106 video.
207 2049 286 2118 Quid,
297 2054 317 2100 si
327 2052 388 2101 huie
398 2055 468 2101 oneri
479 2068 577 2101 novum
587 2048 739 2109 accesserit?
760 2051 844 2100 Habet

110 2117 198 2169 iridem
208 2121 286 2166 oratio
295 2116 320 2165 'et
331 2118 434 2167 historia
444 2119 524 2167 multa
534 2119 695 2177 communia,
713 2115 759 2166 sed
788 2118 844 2164 lura

112 2186 192 2234 'versa
203 2188 230 2234 iu
240 2183 280 2231 lais
290 2185 360 2248 ipsis,
370 2200 434 2246 quae
446 2185 593 2232 communia
605 2181 732 2232 videntur.
753 2134 844 2231 ldltrrst

91 2267 154 2300 sane
174 2254 241 2315 ipsa,
263 2261 348 2297 narrat
367 2249 441 2297 haec:
469 2247 605 2298 sedaliter.
637 2249 703 2298 lluic
722 2250 844 2313 pleraque

91 2316 205 2365 humilia
216 2325 242 2362 et
251 2312 354 2363 sordida
365 2326 429 2362 etex
441 2312 529 2426 ωςὶο
539 2316 630 2379 petita3
650 2316 687 2363 illi
704 2314 790 2361 omnia
798 2327 843 2359 re-

93 2379 206 2439 condita,
216 2378 359 2445 splendida,
370 2382 467 2429 excelsa
491 2384 640 2430 onveniunt.
660 2377 842 2440 Hancsaepint

93 2463 159 2506 ossa,
169 2445 288 2504 maseuli,
299 2447 383 2505 nervi3
398 2446 470 2494 illam
480 2447 527 2493 tori
537 2445 640 2509 quidam
652 2455 677 2492 et
686 2442 758 2505 quasi
768 2439 842 2488 iubae
894 2493 898 2499 ¹

93 2510 195 2561 decent.
211 2509 280 2559 Haec
291 2513 331 2560 vel
341 2513 451 2559 maxime
463 2513 496 2568 vi,
515 2509 692 2565 amaritudine,
711 2507 842 2564 instantia3
891 2558 898 2564 ,

92 2578 139 2626 illa
154 2587 236 2626 tractu
251 2585 276 2623 et
289 2578 417 2636 suavitate,
438 2587 512 2641 atque
521 2578 601 2628 etiam
609 2569 858 2633 duleedmepxaeet.

95 2639 279 2693 Postremoalia
287 2640 367 2710 rerba,
378 2643 542 2710 alimmum,
554 2645 606 2696 am
616 2631 880 2722 eommtdossim

610 2711 669 2765 {a
