1890 2924
343 134 473 225 erist
491 169 538 226 tv.
553 171 589 224 v.
788 173 842 234 tlt

89 270 324 341 miriamur
334 274 430 334 omnia,
445 290 561 339 quaeque
570 284 659 324 natttra
669 274 842 323 metuentium

88 351 139 400 est,
151 357 179 390 ea
189 334 300 391 imme
309 341 384 400 milti,
406 358 472 405 quae
481 341 592 390 maxime
603 339 743 400 abominor,
762 340 842 406 lugo.

89 407 153 473 Quo
165 408 306 472 impensius
314 424 386 472 rogo,
400 419 430 457 ut
440 409 525 457 timori
534 424 593 458 meo
603 403 716 472 quotidie
725 407 841 474 singulis,

89 475 135 523 rel
145 474 221 523 etiam
231 472 297 523 binis
307 474 422 540 epistolis
428 473 553 527 eostsnlas.
577 473 629 523 Ero
639 476 710 529 enim
718 475 841 531 seottrior,

91 536 268 609 dunrlegatm
286 541 422 605 statimque
433 538 538 602 timebo,
557 541 745 607 quumlegtro·
765 540 842 592 Vale.

454 635 481 686 V

89 704 226 756 Licinium
240 673 369 772 Nepotem
384 713 411 756 et
426 670 579 758 labinum
592 703 735 757 certamin
744 698 842 758 causeo

162 773 265 822 Vareni
272 781 344 822 mter
353 789 383 822 se
392 772 424 822 de
433 771 505 842 legis
514 773 705 832 additamento,
711 773 783 841 quod
791 775 843 822 Ne-

155 855 216 972 {grie
216 848 352 955 turserat,
360 837 509 913 altercator
510 835 616 906 sut'ese,
626 855 679 891 non
687 840 744 895 stite
752 837 843 892 dolore

136 990 141 999 ¹
219 987 250 1038 c.
269 970 437 1042 remiis
455 986 564 1042 vrso
584 988 665 1044 svo
687 986 715 1039 s.

142 1065 296 1136 Scripseram
308 1071 420 1122 tenuisse
428 1072 574 1132 Varenum,
590 1083 619 1123 nt
626 1071 674 1122 sibi
684 1087 788 1122 evocare
799 1082 840 1122 te-

88 1146 141 1187 stes
151 1136 249 1187 liceret:
265 1137 348 1258 {uoti
363 1137 480 1216 pluribus
490 1155 611 1204 aequum,
629 1136 784 1205 quibusdem
794 1138 840 1217 isti·

88 1205 844 1336 tttt‘tlft,,ttttt‘tt'lttl'tttmtxzttlztt:

87 1336 236 1396 referretur,
247 1336 278 1386 tle
289 1340 406 1404 proximo
415 1339 632 1387 senatuconsulto
641 1334 769 1405 disseruit,
780 1336 842 1383 liui-

87 1413 197 1466 tamque
206 1419 319 1453 caussam
328 1406 483 1455 retractavit·
493 1400 603 1453 Addidit
610 1403 696 1458 etiem,
703 1401 842 1466 petendum

89 1469 269 1530 sconsulibus,
280 1483 310 1520 ut
317 1471 456 1530 referrent,
467 1468 515 1520 sub
526 1469 642 1536 exeruplo
651 1468 715 1534 legis
725 1467 842 1527 ambitus,

89 1531 124 1584 de
132 1535 192 1600 lege
201 1536 410 1602 repetundarum,
416 1554 448 1586 an
459 1539 570 1605 placeret
579 1537 606 1585 in
617 1536 734 1585 sutorum
744 1533 777 1584 sd
788 1550 843 1583 eatn

89 1601 177 1665 legem
187 1599 271 1662 adiici,
288 1613 324 1661 ut,
340 1605 405 1653 sieut
414 1601 602 1655 aouusstoribus
612 1601 761 1668 inquirendi
771 1602 844 1652 testi·

89 1665 192 1733 busque
202 1667 370 1719 denuntiandi
381 1681 490 1736 potestas
501 1686 532 1720 ex
542 1686 571 1719 ea
580 1671 638 1735 lege
648 1680 725 1729 esset,
744 1671 777 1719 ita
792 1669 842 1718 reis

91 1750 194 1799 quoque
204 1735 281 1784 lieret.
297 1735 416 1787 Fuerunt
426 1735 521 1801 quibus
531 1736 594 1787 ltseo
603 1739 657 1787 eius
667 1737 754 1795 oratio,
766 1747 795 1786 ut
804 1752 844 1786 se-

90 1816 121 1850 ra
138 1813 165 1850 et
174 1801 353 1867 intempestiva
368 1816 394 1853 et
409 1816 582 1870 praepostere,
603 1802 758 1868 displiceret:
776 1820 842 1868 quae

89 1867 188 1916 omisso
208 1867 397 1920 contradicendi
418 1879 533 1936 tempore
552 1871 683 1983 castifaret
701 1881 842 1935 peractum,

88 1934 131 1982 eui
140 1935 264 1999 potuisset
274 1952 415 1985 occurrere.
425 1935 557 1986 lubentius
562 1937 605 2002 qui
624 1951 666 1984 ern
671 1933 760 1986 Celsus
770 1952 843 2002 pree·

89 2011 140 2062 tor,
151 2011 272 2065 tanquam
283 2002 475 2052 emendatorem
484 2014 593 2062 sensttts,
600 2003 721 2052 etmultis
731 2013 757 2052 et
767 2001 843 2051 velte-

89 2077 194 2117 menter
208 2068 345 2135 increpuit.
370 2067 511 2134 Respondit
519 2068 615 2135 Nepos,
630 2084 769 2135 rursusque
780 2069 840 2118 Cel·

89 2148 146 2183 sus:
168 2145 261 2183 neuter
280 2137 443 2186 contumeliis
465 2135 623 2201 temperavit.
652 2135 719 2184 Nolo
742 2137 845 2196 referte,

90 2214 156 2265 quae
166 2199 218 2251 diei
229 2200 262 2251 ab
272 2203 332 2268 ipsis
340 2203 445 2252 moleste
456 2202 514 2251 tuli:
534 2216 586 2266 quo
598 2202 682 2267 magis
692 2201 818 2267 quosdam
829 2216 843 2250 e

89 2282 201 2317 numero
212 2280 298 2318 nostro
308 2265 460 2335 improbavi,
470 2267 515 2332 qui
524 2265 646 2321 modoad
656 2268 770 2325 Celsum,
780 2284 843 2317 tuo·

91 2329 126 2382 tlo
135 2331 169 2383 sd
175 2333 314 2400 Nepotem,
334 2345 411 2401 prout
420 2333 464 2383 itio
474 2336 514 2384 vel
525 2335 570 2384 ille
580 2332 684 2393 diceret,
704 2331 841 2399 eupiditate

91 2397 215 2450 sudientli
225 2399 394 2463 ottrsitabaut;
417 2411 442 2449 et
451 2416 520 2449 nune
532 2436 539 2462 ,
562 2402 633 2466 quasi
643 2400 807 2450 stimularent
816 2407 842 2445 et

90 2465 268 2526 sueeutlereut,
278 2484 356 2527 nune,
367 2468 436 2532 quasi
446 2469 841 2530 reeonoiliarentcomponerent·
864 2516 869 2526 ⁵

92 2550 152 2599 que,
162 2533 317 2599 frequentius
327 2535 446 2599 siugulis,
466 2532 590 2581 ambobus
601 2530 742 2588 interdum,
751 2529 847 2595 omoi-

91 2602 159 2649 tium
179 2599 330 2656 Caesarem,
351 2601 414 2650 tttin
426 2599 526 2652 ludicro
543 2602 655 2669 aliquo,
671 2596 867 2668 onerabantur.

90 2663 158 2714 Ulli
163 2662 268 2729 qutiiem
277 2663 348 2716 illud
356 2669 435 2723 etiarn
444 2669 631 2739 peracerbum
642 2670 706 2730 tito,
730 2661 810 2735 qumi
818 2668 891 2711 tuot

640 2739 715 2793 Ke
