1890 2924
184 122 221 177 ⁶2
396 114 427 166 C.
446 114 577 172 Pharin
594 117 669 169 bnt.
687 114 722 168 11.

181 210 414 333 sbffserdsaimus.
428 217 484 269 Hoc
493 221 573 285 pretio
584 216 725 282 quamlibet
733 214 941 268 numerosi'sub

181 298 210 332 se
241 304 253 334 a
274 285 428 350 implentur:
449 286 498 335 boe
517 287 607 351 ingena
623 285 872 363 coronacolliqitur:
891 285 941 333 hoe

181 352 277 400 infiniti
292 351 414 401 clamores
429 361 631 408 commoventur,
646 365 727 414 quum
738 363 886 416 μεσοχορος
898 350 941 400 de·

181 414 222 466 dit
240 418 355 480 signum.
375 417 449 484 Opus
465 428 502 466 est
522 418 591 465 enim
605 417 679 480 signo
690 415 761 481 apttd
777 433 828 465 non
841 418 941 466 intelli-

181 492 279 548 gentes,
296 499 329 532 ne
345 483 477 533 audientes
487 482 607 548 quidem:
623 498 683 531 naus
698 483 816 548 plerique
826 500 879 531 non
890 500 940 532 au·

181 548 264 607 ditius
275 566 322 598 uec
331 552 379 599 ulli
390 553 473 615 magia
482 549 595 599 laudant.
616 548 644 598 st
655 546 758 612 quando
769 548 886 599 transibis
896 565 939 615 per

180 617 321 675 basilicam,
332 629 357 665 et
367 619 436 666 voles
446 618 518 676 scire,
529 613 660 680 quomodo
669 617 776 679 quiaque
787 612 864 674 dicat,
876 615 939 664 nibil

174 694 227 742 est,
238 684 308 748 quod
319 684 432 733 tribunal
442 683 588 742 educendas,
598 681 673 738 nihil,
684 679 753 745 quod
763 681 885 747 praebeas
895 697 939 730 au·

180 764 250 799 rem:
262 751 342 799 satilia
352 750 485 801 divinatio.
505 750 584 808 Scito,
600 762 660 796 eum
670 749 780 812 pessime
790 747 884 807 dicere,
895 748 937 812 qni

181 815 328 865 laudabitur
338 819 456 866 maxime.
467 817 568 866 Primus
578 813 648 862 burna
659 811 779 863 audiendi
790 829 892 863 tuorem
902 815 939 861 in·

181 880 255 931 duxit
264 884 371 948 Largius
380 885 508 933 Licinius:
524 882 644 930 hactenus
654 892 749 940 umen,
763 891 793 928 ut
812 879 938 929 auditores

181 953 337 1010 corrogaret·
353 949 391 997 lta
401 960 469 997 certe
479 966 509 998 ex
520 949 689 1014 Quintiliano,
699 956 860 1011 praeceptore
871 962 937 1003 rneo,

181 1011 282 1061 audisse
292 1010 408 1064 meinini.
428 1014 552 1063 Narrabat
571 1015 628 1063 ille:
651 1010 817 1062 Adsectabar
838 1012 938 1062 Damt'·

182 1079 251 1127 tium
260 1078 365 1143 Afrum,
395 1097 456 1130 uum
466 1081 538 1147 apud
546 1082 724 1132 centumviros
733 1079 835 1128 diceret
840 1082 938 1148 gravi-

182 1152 224 1193 rer
234 1155 262 1194 et
270 1145 349 1204 lente,
370 1097 431 1205 ὄιος
442 1149 513 1197 enim
522 1147 564 1196 illi
574 1149 691 1197 actionis
698 1162 788 1216 genus
797 1148 868 1208 erat)
884 1163 937 1196 au·

180 1211 232 1261 diis
242 1213 403 1280 estproximo
413 1215 583 1264 immodicum
588 1213 775 1281 insolitumque
781 1211 934 1262 clamarem„

180 1279 334 1331 admiratus
343 1282 467 1332 reticuit:
480 1280 527 1330 ubi
539 1282 674 1332 silentium
680 1279 787 1345 fantum
796 1287 844 1338 est,
856 1296 936 1346 repe-

179 1348 228 1398 tiit
233 1349 306 1416 quad
314 1346 474 1416 abruperat:
484 1349 581 1397 iterum
591 1347 805 1408 clamor‚iierum
815 1347 937 1395 reticuit·

180 1421 279 1481 etpost
298 1416 451 1475 silentium,
474 1417 558 1482 coepi!
578 1415 647 1464 idem
667 1413 756 1464 tertio·
777 1413 935 1471 Novissime,

196 1482 239 1531 πίε
262 1483 368 1542 diceret,
389 1484 536 1554 quaesivit:
556 1485 784 1548 responsuraesi,
805 1480 935 1531 Liciniam.

177 1498 246 1597 ium
255 1549 410 1600 intermissa
420 1566 526 1611 caussa,
549 1546 719 1598 centumve·
725 1545 762 1605 τί,
772 1546 870 1614 iuquit,
880 1544 936 1595 laos

178 1612 378 1678 artificium
393 1616 488 1682 perir'
494 1625 515 1664 t.
534 1613 611 1678 Quod
627 1614 721 1678 alioqui
732 1614 816 1678 perire
828 1614 936 1678 insipie

176 1679 234 1736 bat,
254 1696 335 1742 quum
346 1685 451 1745 periisse
461 1680 524 1731 Afro
535 1679 676 1741 vider-etun
697 1695 768 1727 utana
786 1696 848 1728 vero
858 1692 937 1745 prope

177 1743 293 1793 funditus
311 1749 465 1795 exstinctum
486 1757 511 1794 et
530 1762 648 1796 eversum
667 1756 712 1794 ast.
733 1744 817 1795 Pudet
835 1746 937 1804 referre,

179 1827 252 1875 quae,
271 1827 349 1876 quam
368 1811 445 1860 fracta
465 1814 670 1877 pronuntiatione
685 1810 814 1873 dicantur3
835 1812 936 1878 quibua,

178 1893 255 1942 quam
266 1879 360 1926 teneris
371 1877 525 1927 clamoribus
535 1881 702 1946 excipiantur.
716 1879 937 1938 Planauatantnut,

178 1960 208 1992 ao
217 1945 301 2007 potius
311 1945 363 1993 sola
374 1944 497 2012 cymbala,
509 1954 659 2012 ettympana
666 1946 715 1994 illis
722 1947 826 1994 canticis
832 1944 936 1995 desumi:

178 2011 293 2059 ululatus
303 2011 408 2076 quidem
419 2009 513 2076 (neque
524 2015 592 2062 enirn
608 2014 659 2061 alio
669 2011 792 2060 vocabulo
802 2023 887 2076 potest
896 2027 935 2061 ex·

178 2079 255 2142 primi
266 2077 369 2127 theatris
383 2095 484 2143 quoque
500 2078 620 2127 indecora
630 2077 752 2137 laudatio)
763 2078 833 2141 large
844 2094 937 2144 auper-

179 2153 247 2191 aunt.
267 2144 319 2194 Nos
329 2155 414 2193 tamen
430 2144 515 2193 adbuc
526 2157 550 2193 et
561 2146 655 2194 utilitas
665 2146 816 2210 amicornm,
839 2158 864 2194 et
873 2147 938 2195 ratio

149 2228 155 2236 ·
179 2209 265 2258 aetatis
285 2223 442 2261 moraturae
459 2214 562 2262 retinet.
582 2202 711 2261 Vei-emur
731 2212 808 2270 enim,
830 2213 939 2261 neforte

180 2293 233 2326 nou
244 2276 288 2326 hes
299 2275 460 2344 indignitates
469 2280 612 2343 reliquisse,
631 2277 677 2326 sed
686 2278 802 2327 laborem
812 2278 939 2342 refugisse

180 2343 324 2395 videamur.
335 2345 433 2396 Sumus
444 2359 529 2395 tamen
540 2347 612 2393 solito
623 2346 743 2394 rariores:
755 2345 825 2409 qnod
833 2347 938 2394 initium

177 2423 217 2462 eat
225 2411 352 2478 gradatim
363 2411 506 2463 desinendi.
525 2413 600 2462 Vale.
