1890 2924
219 202 222 207 ,
303 140 657 237 unsrun-'xus
783 191 856 248 ιιι

429 283 491 335 ΧΠ.

73 349 216 404 zibellum
221 351 393 418 postulatum
400 369 461 402 sero
468 351 645 418 mittent‚]ter
655 348 779 403 t'octtmte
790 371 838 404 ee·-
862 381 864 384 ⁴

147 427 239 478 cusat,
251 419 374 488 aliosque
385 419 459 469 iocos
469 419 620 488 inspergit.

146 498 179 552 c.
209 500 383 553 rttutvs
410 500 603 555 ntuvcto
629 499 710 571 syo
739 501 769 553 s.

126 582 263 635 Libellum
280 586 423 636 formatum
441 605 456 636 a
475 602 529 650 me,
549 587 617 636 sicut
636 603 764 652 exegerat,
785 603 839 653 quo
910 605 914 625 ι

76 652 179 703 amicus
189 662 260 714 tuus,
272 652 354 702 immo
364 664 457 715 noster,
468 652 544 720 (qnid
554 655 624 704 enim
634 672 688 703 non
698 670 836 706 commune

76 714 183 785 nobiti)
202 720 223 768 si
233 735 273 768 res
283 729 406 785 posceret,
424 732 546 783 uteretur,
567 722 627 770 misi
647 720 692 771 tibi
706 720 768 770 ideo
780 733 836 771 tet·-

77 786 148 845 tlius,
159 802 193 833 ne
205 784 306 851 tempus
317 784 474 837 emendandi
485 805 554 848 eum,
565 788 594 838 id
603 799 651 846 est,
659 784 835 855 disperdendi,

76 851 196 902 haberes.
224 852 335 901 Habebis
345 864 439 913 tamen,
449 873 481 904 an
492 854 657 919 emendandi,
668 856 766 918 nescio;
785 857 836 904 uti·

76 935 129 986 que
139 917 308 984 disperdendi
318 914 403 985 (ὑμεῖς
412 918 462 988 γὰρ
479 917 629 988 κακόζηλοι)
648 923 744 987 optimu
754 936 836 986 qute-

76 1002 132 1101 3ne
147 985 171 1033 si
187 983 331 1035 detraxeris.
353 987 432 1053 Quod
451 990 473 1038 si
492 990 589 1050 leceris,
608 988 670 1037 boni
693 988 834 1037 consulem.

99 1064 172 1101 osten
184 1053 253 1100 enim
263 1053 313 1101 illis
324 1068 356 1102 ex
366 1056 451 1118 aliqua
461 1056 601 1116 occasione,
611 1056 720 1118 utmeis‚
730 1064 797 1115 utar,
808 1066 835 1104 et

131 1119 205 1166 elicio
216 1117 310 1167 fastidii
320 1121 358 1168 tui
369 1122 424 1187 ipse
434 1121 566 1182 laudabor,
576 1133 606 1170 nt
615 1123 643 1169 in
654 1138 696 1181 eo,
704 1120 775 1185 quod
784 1120 835 1170 td·

140 1196 197 1233 tum
212 1185 336 1245 invenies,
357 1199 382 1238 et
395 1190 567 1254 suprascripto
581 1189 655 1237 aliter
672 1187 834 1251 explicitum.

150 1269 154 1275 ·
167 1267 249 1315 quum
258 1255 408 1319 suspicarer,
419 1255 545 1314 futurum,
561 1265 591 1302 ot
598 1252 646 1302 tibi
655 1252 781 1302 tumidius
792 1254 834 1301 vl-

139 1328 190 1378 tur,
209 1318 280 1382 quod
290 1332 327 1369 est
336 1321 470 1370 sonantius
485 1333 510 1370 et
522 1321 628 1382 elatiut3
647 1335 700 1367 non
719 1318 834 1367 alienum

75 1385 237 1447 existimavi,
256 1397 325 1435 nete
339 1398 480 1452 torquem,
501 1385 596 1436 addere
617 1386 711 1435 stetim-
723 1384 835 1448 pressius

77 1448 206 1515 quiddam
216 1464 242 1501 et
253 1453 351 1513 exilius,
368 1455 411 1502 uel
421 1455 508 1519 potius
517 1451 644 1501 humilius
653 1460 680 1499 et
688 1450 773 1516 peius,
790 1465 835 1499 to-

76 1527 133 1565 stro
142 1529 229 1571 tamen
246 1517 344 1568 iudicio
352 1518 537 1587 rectius-‚ffiur
546 1519 617 1567 euim
625 1533 678 1566 non
689 1531 837 1579 usquequt·

77 1599 132 1648 qne
141 1585 296 1634 tenuitatem
305 1597 415 1635 vestram
426 1588 582 1651 institueret
591 1579 737 1651 sugitensi
756 1581 836 1641 lisso,
847 1611 851 1617 ·

79 1662 108 1699 ut
119 1652 187 1699 inter
206 1653 266 1700 istst
281 1653 458 1718 occupationes
468 1652 568 1717 aliquid
576 1647 716 1714 aliquando
726 1648 835 1699 rideres:

77 1715 150 1766 illud
158 1717 232 1767 lesio.
252 1715 328 1779 Vide,
348 1731 377 1768 ut
385 1719 453 1769 mibi
464 1721 587 1770 viaticum
596 1714 697 1778 reddes,
708 1712 776 1780 quod
787 1715 837 1765 int·

76 1782 168 1850 pendi,
179 1782 236 1833 duta
246 1801 322 1850 opera
334 1803 435 1834 cursore
446 1785 561 1834 dimisso.
582 1783 636 1834 Nee
646 1794 684 1842 tu,
695 1798 778 1848 quum
787 1782 837 1832 boc

77 1851 184 1916 legeris,
195 1867 248 1900 non
258 1864 342 1917 partes
352 1852 445 1914 libelli,
455 1850 500 1903 sed
510 1863 596 1901 totum
604 1850 724 1901 libellum
733 1849 852 1916 inipso-·.·

76 1916 161 1978 bobis,
170 1917 326 1984 negabisque
337 1921 418 1970 ullius
430 1920 507 1987 pretii
516 1934 580 1983 esse,
590 1919 665 1968 cuius
673 1917 788 1987 pretium
796 1934 838 1967 rs·

76 1986 202 2053 posceris.
232 1985 307 2038 vate.

183 2139 296 2188 Ferocis
307 2138 464 2206 elegantem
478 2135 624 2203 epistolam
632 2135 738 2188 laudat.

99 2256 103 2261 -
160 2219 192 2269 C.
221 2219 399 2273 PLINIVS
434 2219 594 2274 FEROCI
622 2217 703 2274 SVO
733 2219 762 2270 S.

134 2286 234 2338 Eadem
245 2289 354 2353 epistole
364 2300 390 2337 et
398 2287 535 2341 studetote
545 2298 572 2338 et
581 2305 635 2338 non
644 2288 749 2337 studeto
759 2284 838 2350 sigui·

80 2356 151 2405 neat.
179 2353 332 2419 Aenigmata
353 2340 455 2419 lotffl's'tt
484 2355 523 2405 Itu
551 2357 618 2416 lane,
639 2353 721 2403 donec
740 2352 837 2402 ‹listin-

78 2422 156 2481 otius,
168 2419 239 2484 quod
250 2423 340 2482 sentio,
352 2422 494 2473 enuntiem.
514 2373 598 2488 liigst
608 2421 680 2469 enim
690 2430 714 2466 te
725 2415 838 2473 studere,

78 2485 126 2549 sed
147 2499 185 2536 est
200 2497 252 2536 taut
268 2489 355 2554 polita,
373 2505 438 2554 quae
448 2487 497 2537 nisi
507 2506 521 2536 tt
531 2488 657 2547 studente,
681 2501 734 2532 nott
755 2491 836 2547 potest

77 2552 175 2604 scribi:
196 2564 239 2603 sut
249 2573 275 2603 es
286 2567 313 2605 tn
322 2572 399 2621 super
409 2570 499 2604 omues
508 2554 606 2618 beatus,
612 2554 633 2602 si
644 2552 703 2603 utta
713 2565 760 2617 per
772 2546 837 2598 desi·

79 2616 155 2670 ditm
165 2632 191 2673 et
201 2621 283 2672 otium
293 2622 408 2689 perficis,
440 2622 516 2677 l'tle.
