1890 2924
91 177 128 235 tt
294 166 654 224 cremnorum.
727 161 730 167 ·

89 275 115 325 xi
126 273 211 334 voltis,
221 275 437 340 'quamproxime
450 273 518 339 apud
528 290 572 323 vos
583 272 633 322 fui:
652 274 768 338 primurn

88 357 142 391 non
152 340 210 389 ideo
222 344 385 407 scripseram,
405 352 433 388 ut
444 339 570 398 dicerem,
590 338 635 386 sed
645 351 674 387 ut
683 357 742 388 meo
761 358 768 389 ι

89 423 149 456 meo
163 405 246 455 dolori
265 408 447 468 satisfeceren15
467 406 568 466 deiude,
588 408 647 468 quie
656 416 690 464 te,
713 405 768 471 Spu

88 488 172 537 quum
181 471 294 521 audisses
304 474 420 520 recitasse
430 489 481 532 me,
492 472 532 537 (ιιι
541 472 607 522 mihi
618 474 672 536 ipse
682 471 767 519 dixisti

88 539 242 600 recitassem,
261 540 340 587 simul
350 539 450 589 audisse
465 537 611 588 credebam.
640 536 768 586 Praeterea

88 615 128 653 tus
138 620 210 666 sum,
229 602 318 654 ne'vos
327 605 397 654 sestis
408 603 498 654 diebus
508 604 707 661 confunderem,
726 604 747 651 si
759 603 767 650 i

87 672 201 720 moriem
206 672 346 738 gravissimi
358 674 440 720 luctus
456 669 626 720 reduxissent.
663 670 738 719 Nunc
747 686 768 735 qr

87 739 229 804 paullisper
248 738 382 796 haesitavi,
404 735 432 784 id
450 738 548 797 solum,
563 736 633 801 quod
652 737 768 798 recitavi,

86 815 169 853 terem
179 803 336 869 erigentibus
350 803 435 863 vobis,
454 822 487 853 au
499 803 649 862 adiicerem,
670 805 768 866 quaein

87 871 212 920 volumen
231 868 315 935 cogito
333 884 471 918 reservare.
512 869 602 934 Neque
622 871 692 917 enim
711 869 768 918 adse

87 937 151 985 meis
161 953 214 985 uno
223 933 476 986 libellocaristimam
486 936 550 985 mihi
562 948 587 984 et
601 936 768 985 sanctissima

87 1003 199 1051 moriam
219 1004 338 1069 prosequi
348 1003 407 1050 sutis
418 1013 466 1050 est:
488 1005 560 1052 cuius
569 1002 651 1053 sumne
670 1001 750 1050 latius
760 1016 768 1048 ι

86 1067 173 1129 letor,
189 1069 211 1116 si
229 1066 376 1132 dispensate·
391 1077 417 1115 et
435 1068 532 1133 digesta
550 1069 636 1118 fuerit.
671 1067 768 1116 Verum

87 1134 171 1183 nitenti
181 1133 261 1192 mihi,
284 1135 378 1193 omnin,
389 1149 454 1196 quae
465 1137 517 1183 ism
527 1134 674 1199 composui,
694 1133 766 1182 vobis

87 1199 190 1258 herem,
211 1218 242 1249 cu
253 1198 340 1248 sdlruc
351 1200 435 1261 alique
447 1200 590 1263 differrem3
601 1200 741 1264 simplicius
750 1214 768 1247 et

87 1267 144 1315 cius
154 1265 219 1315 milri
230 1268 315 1316 visum
325 1277 373 1326 est,
384 1267 479 1326 omnia,
493 1269 630 1333 praecipue
640 1282 722 1329 quum
733 1264 768 1314 ad

88 1336 127 1394 tis,
137 1336 202 1384 intre
212 1350 258 1382 vos
266 1334 365 1394 future,
375 1330 459 1380 donec
468 1336 566 1398 placent
576 1335 700 1381 emittere.
721 1333 768 1396 Qut

87 1404 184 1467 peren,
206 1417 282 1466 rogo,
302 1411 332 1449 ut
345 1401 399 1465 pari
415 1400 590 1464 simplicitate,
608 1400 630 1448 si
641 1415 690 1463 qua
706 1400 768 1447 exist

88 1465 219 1531 addenda,
238 1464 433 1525 commutanda,
452 1464 606 1522 omittenda,
626 1463 751 1513 indicetis.

88 1529 192 1582 difficile
212 1545 250 1582 est
269 1533 401 1596 hucusque
421 1530 553 1580 intendere
572 1532 690 1579 animum
699 1531 725 1578 in
746 1527 768 1576 dt

90 1598 194 1648 difficile
205 1612 231 1648 et
240 1599 320 1648 vobis.
339 1598 389 1647 Sed
401 1611 487 1648 tamen
497 1609 526 1646 ut
535 1597 691 1662 sculptorcm
698 1630 706 1654 ,
728 1609 768 1662 ut]

91 1681 161 1724 rem,
180 1667 225 1729 qui
236 1667 281 1713 lilii
296 1666 372 1713 vestri
392 1664 532 1728 imaginem
546 1664 652 1721 feceret,
672 1661 766 1711 udmon

92 1731 155 1794 quid
166 1733 313 1796 exprimere,
325 1727 388 1793 quid
399 1730 533 1779 emendare
544 1728 658 1790 deberet,
678 1732 711 1776 ite
723 1744 765 1778 me

92 1813 142 1862 que
153 1797 268 1855 formate,
279 1797 367 1858 regite,
379 1799 486 1860 quinon
499 1797 617 1858 fragilem
630 1806 655 1842 et
664 1794 768 1842 caducei

92 1862 276 1917 immortalem,
295 1873 324 1910 ut
333 1878 378 1910 vos
396 1865 498 1928 putatis,
519 1861 631 1926 effigiem
641 1876 719 1909 conor
739 1859 768 1908 efl

92 1946 156 1995 quae
177 1928 226 1980 hoc
245 1927 392 1979 diuturnior
407 1930 462 1993 erit,
482 1946 534 1995 quo
549 1930 639 1992 verior,
657 1929 758 1988 melior,

90 1996 181 2060 lutior,
200 1996 286 2046 fuerit.
321 1994 395 2047 vale.

472 2094 499 2143 Ι,

95 2163 197 2214 oratus
208 2161 314 2214 animus
324 2095 501 2224 Artemidoxrz,
516 2159 634 2227 'efficium
643 2157 729 2210 Pluris
739 2176 768 2223 er

81 2299 84 2304 A
122 2231 320 2298 praedicantis,
332 2248 389 2280 uua
402 2249 461 2280 cum
476 2227 539 2280 aliis
552 2226 697 2278 virtutibus
711 2226 768 2277 lcut

108 2311 138 2364 C.
159 2314 330 2366 PLINIVS
348 2313 470 2364 IVLIO
486 2309 689 2363 GENITORI
706 2307 768 2360 SVt

140 2400 186 2449 Est
196 2399 303 2447 omnino
314 2396 470 2448 Artemidori
485 2397 564 2444 nostri
580 2407 631 2444 tam
648 2393 760 2458 benigue

90 2483 127 2525 rs,
147 2478 177 2514 ut
187 2464 268 2514 officia
283 2467 426 2514 amicorum
437 2465 464 2511 iu
478 2464 560 2510 maius
570 2460 685 2510 extollat:
704 2459 764 2508 iude

88 2549 180 2583 meum
188 2534 321 2591 meritum,
337 2542 366 2579 ut
376 2546 443 2586 vera,
464 2531 496 2576 its
506 2544 581 2592 supra
591 2527 711 2575 meritum
720 2541 765 2590 pra

76 2597 153 2645 ίίουο
165 2600 329 2649 etrcumteu.
349 2594 490 2664 Equidem,
509 2610 592 2660 quum
608 2600 691 2640 essent
703 2590 768 2657 phil«

12 2658 96 2766 *eb
108 2662 177 2713 urbe
186 2670 320 2735 submoti,
331 2667 375 2719 fui
386 2663 461 2735 opud
470 2662 587 2714 illumin
595 2657 756 2709 suintino:
