1890 2924
304 185 309 193 ·
375 169 513 230 E'l’ts‘lt
528 169 551 224 1.
779 183 840 243 „19

84 275 161 326 tabat.
178 271 306 340 Respondi
315 273 403 338 paucis
414 288 472 336 ego,
483 273 578 336 (neque
589 273 661 322 enim
671 268 757 324 aderet
767 277 841 338 alius,

82 345 127 408 qui
140 340 274 391 defunctae
283 337 412 406 pudorem
422 339 547 406 tueretur)
558 337 651 387 deinde
661 343 760 402 secessi,
780 353 843 392 etex

82 406 182 458 consilii
193 407 327 465 sententis,
347 406 471 468 Videtur,
482 406 603 469 inquam,
624 406 746 466 Curione,
755 416 843 458 nsoter

82 484 135 525 tua
144 476 233 524 iustus
243 471 368 522 habuisse
378 487 490 534 caussas
501 472 638 522 irascendi
646 471 706 522 tibi.
723 472 784 523 Post
794 473 843 524 hoc

83 543 129 592 ille
150 557 211 590 cnm
230 539 321 589 ceteris
339 539 490 604 subscripsit
508 541 694 590 centumvirale
705 540 842 603 iudicium,

83 623 189 660 mecum
200 622 252 655 non
262 605 417 670 subscripsit.
434 605 581 670 Appetebat
589 603 678 657 iudicii
686 596 753 655 dide:
767 607 842 657 cohe-

83 673 160 724 redes
171 676 222 722 mei
233 686 385 736 componere
404 681 431 720 et
449 674 588 735 trsnsigere
607 672 759 738 cupiebant:
789 690 844 723 nou

84 739 226 798 diffidentia
237 753 346 794 canuae,
357 735 402 786 sed
412 749 483 786 metu
493 749 651 803 temporum.
669 739 842 802 Verebantur,

105 805 158 854 uod
168 804 290 855 videbant
300 805 389 853 multis
399 801 527 864 accidisse,
534 821 566 854 ne
576 821 607 854 ex
617 807 798 855 centumvirali
804 808 844 857 iu-

85 824 155 923 dicio
165 872 253 938 cepitis
263 873 298 919 rei
310 873 418 920 exis-enti
436 871 469 919 Et
479 884 550 920 erunt
559 870 666 935 quidam
676 872 775 932 inillis,
785 871 842 936 qui-

85 940 134 990 bus
143 937 220 987 obiici
231 949 256 985 et
267 937 391 987 Gratillae
400 937 510 986 amicitis
521 949 546 986 ot
555 935 653 989 Rustici
668 950 762 1004 posset.
790 940 845 988 Ilo·

84 1017 148 1071 gant
168 1022 229 1064 me,
251 1015 279 1052 ut
294 1019 354 1052 eum
370 1003 482 1052 Curiano
492 1005 518 1053 lo
538 1018 592 1056 uer.
615 1003 800 1055 ,Convenimus
816 1007 845 1054 in

86 1071 177 1121 sedeur
190 1069 358 1119 Concordiae.
384 1069 424 1118 lbi
434 1087 506 1135 ego,
517 1022 546 1120 hi
556 1081 651 1130 muter,
672 1072 794 1136 inquam,
815 1080 844 1120 te

86 1145 207 1203 exparte
216 1145 317 1202 quarta
327 1138 481 1202 scripsisset
492 1135 625 1196 heredem,
630 1153 692 1186 num
698 1137 777 1204 queri
778 1151 845 1204 poe·

85 1220 131 1254 ees
141 1200 157 1250 d
189 1202 260 1269 Quid
272 1202 298 1252 si
307 1201 429 1253 heredem
439 1200 543 1267 quidem
554 1204 718 1254 instituisset
728 1221 761 1252 ex
771 1220 843 1265 asse,

87 1269 137 1319 sed
146 1267 249 1336 legatis
258 1268 300 1319 ita
310 1266 500 1329 exhausisset,
521 1278 552 1318 ut
568 1287 622 1318 non
637 1269 755 1335 emplius
772 1268 847 1335 apud

87 1344 123 1396 te,
135 1350 216 1402 quum
225 1344 340 1400 quarta,
360 1333 535 1386 remuneret?
559 1336 652 1404 Igitur
663 1335 784 1400 sufficere
794 1333 846 1384 tibs

20 1413 25 1420 '
87 1401 180 1461 debet,
202 1401 240 1458 si,
260 1399 437 1457 exheredatus
447 1417 465 1449 a
474 1407 573 1462 matu,
594 1410 720 1468 quartam
733 1410 847 1467 partem

87 1467 125 1518 uh
134 1466 277 1518 heredibus
286 1468 342 1517 eius
351 1468 485 1533 occipias,
502 1484 586 1533 ,quam
595 1475 685 1517 tamen
694 1483 746 1536 ego
757 1484 847 1537 auge-

88 1532 130 1583 bo.
148 1533 208 1584 Scis
217 1542 244 1583 te
253 1551 306 1585 non
315 1533 508 1600 subscripsisse
518 1551 627 1593 mecum,
638 1541 665 1585 et
674 1536 730 1585 iam
741 1531 847 1593 bienni·

86 1614 131 1650 um
140 1601 282 1660 transisse,
303 1602 376 1650 omni
413 1619 446 1651 ue
459 1618 499 1650 me
509 1606 671 1664 usueepisse.
700 1599 754 1651 Sed
759 1609 803 1659 ,ut
818 1609 846 1650 te

87 1665 228 1716 coheredes
238 1668 292 1716 mei
300 1676 392 1717 tracta
409 1667 516 1718 iliorem
526 1666 710 1732 experiantur,
715 1675 798 1737 utque
806 1671 847 1720 ti-

87 1731 114 1783 bi
124 1730 195 1783 nihil
204 1732 513 1785 abstuleritreverents'a
528 1735 598 1795 mei,·
615 1732 699 1800 esffiro
715 1751 769 1801 pro
786 1750 847 1786 mea

85 1808 165 1866 parte
184 1800 351 1851 tantundem.
387 1803 449 1852 Tuli
466 1802 584 1850 fructum
602 1818 657 1851 non
676 1802 847 1852 conscientiae

86 1864 180 1923 modo,
200 1882 292 1915 vuum
302 1868 379 1915 etism
387 1867 479 1932 tamne.
501 1868 550 1915 llle
560 1884 621 1932 ergo
633 1868 760 1917 Curisuus
769 1869 846 1933 legn-

85 1942 144 1981 tum
155 1930 220 1981 milri
229 1933 348 1995 reliquit:
368 1943 393 1981 et
403 1933 499 1982 isctrsm
511 1948 609 1991 meum,
628 1935 678 1983 uisi
691 1934 756 1985 forte
765 1933 846 1985 blon-¹

86 1995 144 2047 dior
154 1996 228 2057 milti,
237 2001 375 2063 antiquum
385 1998 466 2048 nobili
476 1999 574 2048 honore
584 2001 705 2065 signavit.
720 2000 789 2050 Haec
800 1999 846 2049 tilii

85 2065 193 2128 scripsi,
209 2065 270 2129 quis
280 2063 312 2112 de
322 2064 443 2113 omnibus
452 2098 462 2124 ,
481 2082 546 2130 quse
556 2081 599 2117 me
609 2067 652 2115 sel
661 2064 788 2117 delectent
803 2067 847 2116 vel

38 2139 40 2143 '
86 2141 194 2192 angunt,
217 2144 270 2178 non
281 2131 353 2179 aliter
364 2141 457 2191 usuro,
468 2124 548 2194 quim
557 2148 669 2192 mecum,
678 2135 751 2198 loqui
762 2133 846 2183 soleo:
894 2170 900 2177 .

71 2200 74 2205 '
87 2195 190 2255 deinde,
202 2194 272 2258 quod
282 2194 380 2246 durum
392 2197 583 2259 existimabam,
603 2210 627 2247 te
637 2201 845 2249 amentissimum

86 2264 138 2310 mei
151 2259 267 2310 transdere
277 2263 416 2327 voluptate,
431 2279 510 2327 quarn
521 2264 574 2328 ipse
584 2265 725 2331 capiebam.
754 2266 845 2328 Neque

87 2329 159 2377 enim
173 2343 231 2375 sum
242 2339 294 2376 tam
306 2331 422 2393 sapiens,
441 2341 471 2378 ut
481 2330 547 2379 nibil
557 2347 615 2380 mea
626 2333 744 2392 intersit,
762 2330 845 2389 auiis.

88 2410 154 2459 quse
165 2393 271 2442 honeste
281 2394 368 2444 iecisse
378 2413 420 2444 me
431 2395 515 2457 credo,
527 2398 665 2447 testificatio
674 2391 810 2463 quaedem,
820 2399 846 2444 ss

89 2461 162 2526 qussi
172 2461 319 2526 praemitur
330 2460 441 2512 accedat.
471 2463 497 2513 V
498 2464 546 2513 sle.
