1890 2924
142 102 355 165 'PANEGYIL
373 105 457 161 CAP.
475 105 604 159 LXXXV.
621 106 762 160 mm·
795 115 850 169 379

96 210 195 261 amisus
205 210 257 275 ipse
268 226 303 262 es.
314 209 403 274 Neque
415 207 492 267 eninr,
503 221 531 258 ut
541 208 587 257 alia
597 206 725 267 subiectis,
736 210 770 258 ita
780 224 852 259 amm·

95 279 133 325 im
166 286 249 325 ratur:
257 294 340 340 neque
346 286 383 323 est
389 276 566 323 ullusallectus
576 285 628 322 tam
638 286 743 333 erectus,
750 274 851 335 etliber,

94 352 138 391 et«
150 343 312 391 ominationis
331 342 485 406 impatiens,
505 356 553 388 nec
566 340 611 403 qui
626 343 706 405 magis
722 342 790 388 vices
801 344 851 389 cxi·

94 418 148 474 gat·
160 407 245 456 Potest
253 408 358 457 sortasse
368 408 486 472 princeps
497 406 593 468 inique,
604 415 685 469 potest
694 417 779 454 tamen
791 404 852 454 udin

96 488 152 521 esse
170 474 313 534 nonnullis,
332 474 430 523 etiamsi
445 474 499 535 ipse
509 487 560 519 nun
570 468 663 521 oderit:
692 472 782 527 amari,
802 473 851 522 nisi

96 539 151 604 ipsc
161 549 242 596 amet,
253 556 307 589 non
316 547 408 604 potest.
419 538 513 601 Diligis
523 551 593 598 ergo,
600 552 680 599 quum
691 533 815 601 diligaris,
827 548 852 585 ct

95 602 254 668 inec,quod
263 607 382 668 utrinque
399 603 609 651 honestissimum
629 614 681 660 est,
701 612 752 652 tou
771 603 850 668 gloria

95 678 140 719 tm
150 679 202 731 est3
221 672 264 733 qui
274 671 392 736 superior
401 665 631 728 factus,‹lescen‹lis
641 668 669 716 in
680 670 766 719 omnis
776 668 850 721 lami·

34 778 38 783 .
94 734 209 785 liaritstis
220 734 309 796 officia,
320 736 380 785 etin
391 736 504 783 amicum
515 749 545 782 ex
554 733 705 798 imperatore
714 734 851 787 submitte-

94 800 142 853 ris:
157 801 241 850 immo
251 813 314 852 tunc
322 802 434 851 mxime
446 800 591 864 imperator,
604 814 687 863 quum
695 800 810 849 amicum
819 814 850 848 ex

95 867 252 932 imperatore
261 870 324 933 agis.
331 866 437 916 Etenim
446 880 527 930 quum
537 865 656 931 plurimis
666 865 783 915 amicitiis
793 865 849 915 fcr-

94 941 156 983 ttms
175 934 325 999 principum
339 930 466 996 indigeat,
486 932 653 996 praecipuum
672 942 710 980 est
728 931 849 997 principis

93 1012 168 1063 opus,
178 1001 273 1048 amicos
283 1014 380 1064 parare.
407 994 508 1045 Placeat
526 997 571 1045 tibi
587 1010 689 1059 semper
699 995 763 1044 haec
771 1009 847 1058 scuta,

93 1074 191 1112 acum
208 1066 270 1113 alias
285 1065 392 1114 virtutes
408 1073 472 1121 tuas,
491 1071 549 1109 tum
560 1059 845 1123 hancconstantissims,

91 1136 193 1177 teneas:
212 1145 260 1179 nec
270 1144 384 1194 unquam
399 1124 587 1193 persuadeatur,
601 1125 701 1175 humile
711 1141 763 1174 esse
772 1129 847 1191 priu-

91 1193 153 1258 o’pi,
163 1194 213 1243 nisi
221 1193 313 1245 odisse.
332 1190 550 1245 iucundissimum
558 1202 594 1240 eat
604 1192 632 1239 in
641 1192 717 1241 rebus
727 1190 847 1241 humanis

90 1257 377 1391 ffisslt‘lffzutff
379 1276 439 1389 3¹35
441 1267 848 1388 'altestllt¹¹lr3:1⁰‚‘¹25rl:

93 1398 180 1447 tamen
190 1391 319 1442 ardentius
331 1389 456 1454 diligaris.
477 1389 607 1450 Primum,
626 1390 685 1454 quis
695 1388 792 1439 facilius
802 1400 847 1450 est,

90 1470 176 1505 unum
185 1473 278 1513 amare,
289 1473 369 1523 quam
378 1456 486 1505 multost
505 1453 605 1514 deinde,
624 1457 684 1518 quia
695 1448 740 1503 tibi
750 1456 845 1503 amicos

91 1521 290 1601 tuce-obligandi
300 1521 371 1572 adest
380 1522 484 1602 facultas
493 1531 569 1585 tanta,
583 1530 697 1571 utnemo
715 1523 794 1587 possit
809 1530 843 1581 tt,

90 1600 528 1720 lsstfiffiqppnqpprenrqqrqrapttenpg
536 1664 573 1703 cst
581 1654 684 1714 referre,
704 1652 775 1718 quod
789 1663 843 1702 tor-

89 1728 212 1769 mentum
220 1720 266 1769 tibi
276 1720 426 1780 iniunxeris,
435 1737 468 1768 ue
479 1717 542 1783 quid
551 1722 634 1769 amico
649 1735 763 1784 negares.
790 1719 844 1771 Di-

89 1785 182 1835 misisti
192 1788 320 1852 optimum
331 1786 429 1847 virum,
450 1786 495 1834 tibi
505 1786 663 1835 carissimum
674 1821 681 1846 ,
704 1786 799 1835 invitus
818 1796 843 1835 et

89 1848 177 1913 tristis,
189 1861 215 1899 ct
224 1853 297 1915 quasi
305 1849 413 1900 retinere
423 1867 476 1901 uon
484 1867 577 1917 posses.
602 1851 736 1916 Quantum
745 1868 842 1904 amsrss

89 1930 167 1976 cum,
190 1914 316 1968 desiderio
327 1929 445 1981 expertus
455 1933 494 1967 es:
514 1918 647 1967 distractus
656 1929 842 1983 separatusque,

89 1979 155 2035 dum
164 1979 395 2032 cedisetvinceris.
425 1983 480 2041 lta,
504 1980 575 2047 quod
592 1983 669 2033 lando
688 1984 842 2045 inauditum.

30 2062 38 2079 ν
87 2052 173 2111 quum
182 2049 301 2114 princeps
312 2059 338 2098 et
347 2049 470 2115 principis
480 2050 576 2097 amicus
588 2048 687 2099 diversa
697 2050 806 2110 velletis,
816 2049 843 2098 id

86 2112 177 2179 potius
185 2114 283 2164 lactum
293 2125 339 2173 est,
349 2114 420 2180 quod
430 2112 525 2164 amicus
540 2113 651 2164 volebat·
684 2114 709 2165 Ο
720 2132 775 2165 rem
784 2132 843 2165 ms·

86 2178 187 2228 moriae
205 2180 336 2244 literisque
360 2176 544 2231 mandantium!
576 2178 737 2231 Praefectum
765 2197 843 2246 prus·

86 2244 147 2293 sorti
165 2260 219 2303 uon
237 2262 268 2296 cx
287 2247 478 2311 ingerentibus.
507 2244 554 2295 sed
572 2244 610 2310 [ex
636 2245 842 2297 subtrahentibus

85 2308 187 2374 legere:
206 2310 369 2377 eundemque
381 2317 440 2373 otio,
447 2312 517 2377 qnod
526 2314 687 2379 pertinaciter
697 2323 771 2372 amet,
781 2308 841 2358 red·

87 2372 166 2425 ders:
184 2394 315 2444 quumque
326 2380 360 2427 sis
370 2379 425 2444 ipse
440 2377 566 2429 distentus
571 2378 672 2444 imperii
681 2379 766 2434 curis,
785 2393 839 2424 nou

87 2441 183 2506 qnietis
193 2444 301 2506 gloriam
311 2445 431 2508 cuiquam
441 2445 569 2494 insidere·
585 2444 767 2508 intelligimus,
775 2437 839 2492 Cae·

86 2519 277 2623 :2222an
287 2508 390 2573 tibi'pro
400 2510 522 2627 ltqburioqs
533 2512 588 2627 mia
589 2511 697 2559 statione
708 2519 733 2556 et
742 2510 848 2634 αξξ

203 2590 231 2623 m
264 2590 402 2640 ‚quumc
421 2590 496 2627 uma
512 2591 545 2639 c,
585 2589 766 2641 nqummu
791 2589 804 2615 x
848 2599 860 2621 κ
934 2599 938 2645 ¹.
