1890 2924
332 109 462 191 EPtST.
479 108 538 163 XX.
584 72 593 81 ‘
780 123 814 176 51

69 211 99 261 cis
115 212 189 279 pueri
211 208 360 261 deteststur.
377 208 494 261 Velleius
509 208 628 274 Bleesus,
644 212 688 263 ille
703 213 818 280 locuples

68 277 717 340 consulari-,novissimiuletudineconflicubstur:
731 282 819 346 cupie-

66 343 103 393 bst
117 356 218 393 mutare
233 355 424 393 testamentum.
443 345 565 408 Regulus,
581 348 624 409 qui
639 359 752 412 speraret
766 348 818 395 sli-

66 409 121 476 qnid
131 427 163 459 ex
172 411 249 459 novis
258 409 359 468 tsbulis,
375 412 432 473 quis
448 427 531 475 nuper
547 423 646 476 captare
657 430 716 461 eum
727 429 819 478 coepe-

64 490 104 537 rst,
120 476 238 526 medicos
255 475 359 535 hortari,
376 492 475 539 rogare,
492 493 595 540 quoquo
609 478 686 527 modo
701 480 819 543 spiritum

64 541 155 592 homini
165 552 343 610 prorogareut.
353 542 492 606 Postquam
503 543 632 604 signatum
644 555 819 594 esttestsmeu·

64 621 121 668 tum,
137 619 376 672 mststpersmam,
393 610 468 656 vertit
482 609 694 672 slloquutiunem,
709 608 819 659 iisdem·

62 693 107 740 que
115 675 232 733 medicis,
246 674 510 740 Quousquemr'serum
517 673 668 723 cruciatis?
679 675 819 743 quidmst·-

61 742 127 792 dets'e
145 739 246 789 bonam
274 748 398 800 mortem,
418 741 460 789 cui
481 740 548 789 dare
572 740 657 790 vitam
685 759 738 791 non
756 751 820 807 pot·

61 807 145 859 estis?
166 807 281 856 Moritur
296 806 408 854 Blaesus:
424 817 449 853 et
463 817 583 869 tanquam
598 808 685 855 omnis
698 806 819 867 audisset,

60 873 157 940 llegulo
167 888 202 920 ne
212 870 343 920 tantulum
354 869 470 935 quidem.
488 869 623 921 Sufficiunt
632 871 699 921 <lure
708 872 815 922 fabulae.

58 939 96 990 An
106 939 258 989 scholastice
268 937 325 1002 lege
336 940 436 986 tertiam
446 936 545 1002 poscis?
560 939 606 986 Est
615 937 683 987 unde
694 941 745 988 fiat.
763 937 818 987 Au·

58 1009 125 1065 telis,
135 1015 226 1054 crusta
237 1004 340 1063 sensim,
356 1006 483 1066 signatura
495 1014 818 1062 testamentum-sumserat

57 1073 244 1138 pulcherrimas
258 1071 365 1117 tunicas.
387 1070 497 1133 Regulus
513 1086 594 1130 quum
608 1072 719 1120 venisset
733 1070 765 1120 ad
779 1074 817 1120 si·

74 1138 201 1196 nendum,
217 1138 308 1203 Rogo,
324 1135 415 1200 iuquit,
426 1134 476 1185 das
484 1136 552 1185 milti
560 1136 644 1204 leges.
662 1136 768 1187 Aurelia
778 1138 820 1185 lu-

57 1156 115 1254 dere
126 1204 261 1254 hominem
273 1203 391 1267 putabat3
402 1203 447 1249 ille
457 1204 522 1251 serio
532 1203 647 1251 instabat.
658 1201 712 1251 Nec
722 1206 818 1256 mults:

43 1273 141 1337 ccigit
148 1270 291 1319 mulierem
301 1269 397 1334 aperire
409 1268 514 1328 tabulas,
530 1284 558 1316 sc
576 1269 624 1316 sibi
634 1269 741 1328 tunicas,
756 1286 818 1333 quas

59 1350 111 1389 erst
119 1333 219 1395 indute,
229 1327 328 1398 legere:
338 1334 479 1385 cbservsvit
488 1336 652 1391 scribentem,
668 1335 777 1398 inspexit
786 1351 818 1382 su

57 1405 207 1470 scripsisset.
225 1402 259 1450 Et
269 1398 373 1450 Aurelia
388 1399 494 1463 quidem
509 1401 587 1448 vivit:
597 1400 641 1446 ille
656 1410 740 1446 tumen
752 1398 820 1447 istud

58 1481 181 1534 tanquam
190 1469 344 1517 morituram
353 1469 446 1530 coegit.
463 1469 497 1516 Et
508 1465 549 1513 liic
559 1463 719 1521 hereditates,
731 1463 774 1513 hic
783 1466 820 1513 le-

59 1548 126 1599 gate,
142 1536 212 1600 qussi
222 1545 360 1593 merentur,
376 1531 482 1598 accepit!
496 1527 570 1578 Ἀλλὰ
580 1531 608 1578 τί
617 1528 778 1596 διατείνομαι
794 1533 820 1579 in

59 1621 85 1653 es
93 1601 289 1663 civitate,inqus
297 1598 450 1664 iampridem
457 1615 508 1646 nou
515 1598 821 1661 minoreprsemis‚immo

59 1668 278 1731 maiorapsequitis
286 1664 472 1731 etimprobitns,
480 1681 556 1728 quam
563 1661 648 1728 pudor
658 1675 683 1712 et
689 1668 767 1713 virtus
774 1663 820 1715 lra-

58 1731 433 1799 bentlridspicellegulurn,qui
441 1749 469 1778 ex
476 1747 587 1797 parspere
595 1730 822 1781 ettenuisdtsutas

60 1818 120 1869 spes
129 1817 177 1868 per
186 1799 282 1864 flagitia
293 1800 424 1863 processit,
441 1809 471 1845 ut
481 1799 532 1861 ipse
546 1795 613 1845 milri
624 1797 724 1858 dixerit,
740 1815 821 1862 quum

62 1870 216 1923 consuleret,
232 1881 312 1929 quam
327 1864 376 1910 cito
392 1866 535 1911 sestertium
550 1865 688 1913 sexcenties
698 1864 822 1930 impletu·

61 1952 104 1985 rus
115 1945 193 1994 esset,
210 1930 338 1979 invenisse
348 1944 400 1976 sese
412 1940 467 1976 exta
478 1929 597 1993 duplicia,
614 1929 706 1992 quibus
717 1941 822 1995 porten-

62 2000 95 2063 di,
104 2001 203 2051 millies
213 2006 239 2045 et
248 1995 378 2045 ducenties
394 1993 552 2043 habiturum.
570 1992 605 2043 Et
614 1994 725 2054 habebit,
736 1997 756 2044 si
768 2012 823 2044 mo·

62 2067 104 2129 do,
114 2081 145 2118 ut
156 2064 249 2131 coepit,
260 2064 342 2111 eliens
355 2071 513 2123 testamenta,
529 2061 599 2125 quod
609 2074 650 2122 ,est
660 2060 822 2126 improbissi-

62 2152 138 2185 mum
147 2147 231 2200 genus
245 2129 314 2193 falsi,
329 2129 397 2201 ipsis,
418 2138 599 2192 quorumeunt
611 2128 663 2188 illa,
680 2125 822 2179 dictaverit.

62 2199 137 2253 Vsle.
