1890 2924
239 144 443 218 structu.
459 149 544 202 cnr.
560 148 698 215 nutu.
782 161 846 219 ,sss

93 264 138 313 go,
149 245 248 306 Caesar,
264 259 289 297 et
297 251 385 299 solvis.
416 247 469 299 Sed
520 268 567 301 nm
586 262 624 301 tet
643 249 846 314 consulessscis,

92 331 147 363 non
159 313 203 365 tibi
211 330 321 379 maguus
330 317 454 381 princeps,
461 267 567 366 sedunus
577 317 688 382 ingratus
699 318 796 366 amicus
808 320 847 367 vi-

92 379 172 429 deris.
202 380 272 443 Quin
283 383 360 431 etiam
368 398 493 445 perquam
502 382 603 433 modica
613 381 739 446 quaedam
749 383 844 431 ciuium

89 446 183 503 merita
191 444 308 495 fortunae
318 458 375 495 tuae
387 447 482 495 risibus
492 450 519 495 iri
533 449 615 496 maius
630 449 739 496 extollis.
777 447 844 498 Effi-

92 512 130 562 cis
140 510 220 569 enim,
234 523 264 560 ut
273 521 373 561 tantum
383 511 430 560 tibi
440 513 547 576 quisque
560 514 708 578 praestitisse
719 513 843 572 videatur,

91 585 220 639 quantum
235 595 250 625 a
269 587 294 625 te
312 579 417 641 recepit.
446 578 517 642 Quid
528 579 568 626 isti
578 578 728 643 benignitati
737 577 843 643 preces?

90 643 143 690 nisi
157 651 187 688 ut
205 656 259 689 sem
279 658 306 689 er
320 642 451 705 obligetis,
472 645 649 706 incertumque
660 643 743 703 facias,
754 656 844 693 utrum

90 707 176 770 magis
186 659 301 770 expediat
311 707 406 756 civibus
415 710 465 757 tuis
475 708 568 757 debere
578 707 632 770 tibi,
639 727 671 757 au
680 710 842 773 praestitisse.

143 770 215 820 LXI.
234 771 362 837 Equidem
370 774 446 821 illum
456 774 589 838 antiquum
598 787 717 823 senatum
726 775 843 824 contueri

92 836 207 896 videbar,
218 854 301 901 quum
311 848 348 887 ter
358 839 463 887 tuusule
473 839 607 897 assidente,
625 841 699 887 tertio
711 842 843 889 consulem

92 901 256 968 designatum
266 905 350 968 rogari
359 906 513 954 seutentiam
522 921 664 954 cernerem.
676 905 771 969 Quanti
782 916 842 953 tuuc

91 969 141 1027 illi,
147 981 307 1032 quantusque
313 980 341 1016 tn
349 967 355 1016 !
364 967 465 1018 Accidit
475 970 588 1034 quidem,
598 980 627 1017 ut
637 985 742 1034 corpora
752 987 843 1034 quam·

90 1032 155 1082 libet
170 1035 249 1084 ardua
259 1045 284 1082 et
293 1036 389 1083 excelsa
401 1069 408 1089 .
427 1035 610 1099 procerioribus
620 1031 739 1091 admota,
755 1037 843 1084 decre-

93 1111 181 1156 scant;
191 1100 262 1159 item,
272 1112 302 1148 ut
312 1100 447 1148 altissimae
459 1101 556 1148 civium
565 1099 699 1160 dignitates
709 1100 842 1147 collatione

89 1165 184 1227 fastigii
202 1166 242 1212 tui
257 1167 328 1229 qnasi
340 1164 523 1228 depununtur,
536 1174 681 1227 quantoque
691 1164 795 1227 propius
810 1162 843 1212 ad

90 1229 300 1293 magnitudinem
309 1243 379 1279 tuam
389 1228 576 1286 adscenderiut,
587 1239 686 1277 tantum
694 1229 788 1277 etiams
795 1245 842 1277 sua

89 1292 250 1347 descendisse
258 1294 402 1345 videantur.
412 1293 473 1342 Illos
484 1305 568 1344 tamen
578 1305 613 1351 tu,
624 1309 779 1356 quamquam
789 1308 842 1342 stou

88 1360 196 1474 potuisti
207 1360 253 1409 tibi
263 1377 384 1425 aequare,
400 1377 482 1426 quum
500 1361 586 1420 velles,
600 1356 663 1406 adeo
674 1357 700 1404 in
712 1355 778 1417 edito
789 1359 843 1416 cul·¹

102 1423 188 1485 orasti,
198 1435 228 1472 ut
237 1437 335 1475 tanturn
345 1442 422 1491 super
430 1437 534 1484 ceteros,
545 1435 670 1488 quantum
680 1423 745 1472 iusta
755 1434 779 1471 te
788 1437 843 1471 cer·

89 1500 223 1539 serentur·
233 1491 342 1540 Sinnius
352 1493 454 1541 tertium
465 1492 625 1540 consulatum
636 1486 749 1536 eundem
758 1489 785 1535 in
796 1504 841 1536 au·

89 1570 165 1617 num,
175 1556 202 1603 iu
213 1570 381 1620 questurum,
392 1558 554 1606 contulisses:
574 1554 685 1619 ingentis
695 1554 775 1611 autimi
783 1569 844 1616 spe-

88 1623 176 1670 cimen
187 1620 331 1671 haberetur.
345 1622 382 1671 Vt
392 1624 461 1671 enim
472 1621 596 1670 felicitatis
606 1630 651 1678 est,
663 1629 788 1682 quantum
799 1633 844 1666 ve·

88 1687 130 1744 lis,
141 1703 227 1750 posse:
255 1689 290 1735 sic
300 1686 491 1751 magnitudinis,
513 1687 587 1746 velle,
609 1694 734 1748 qnantum
750 1683 840 1747 possis.

88 1750 247 1803 Laudandus
262 1754 366 1817 quidem
377 1765 402 1802 et
412 1754 473 1811 ille,
494 1754 538 1816 qui
557 1751 659 1799 tertium
679 1748 844 1807 consulatum

88 1816 197 1878 meruit;
215 1816 262 1866 sed
270 1819 359 1883 magis,
370 1819 416 1867 sub
427 1833 478 1881 quo
494 1818 599 1865 meruit:
616 1830 727 1878 magnus
742 1828 842 1863 memo·

89 1880 249 1947 nudusque,
268 1884 312 1947 qui
322 1895 422 1932 tautum
430 1884 574 1958 praemium
590 1881 670 1946 cepit;
690 1877 735 1928 sed
749 1879 843 1937 maior‚‘

90 1949 136 2011 qui
155 1950 263 2013 capienti
284 1946 363 1997 dedit.
391 1946 478 2013 Qurd?
502 1946 571 2011 quod
587 1945 652 1995 duos
661 1947 754 2011 pariter
764 1944 841 1992 tertio

89 2015 224 2063 consulatu
233 2015 342 2079 collegas
353 2016 392 2063 tui
401 2013 531 2063 sanctitate
541 2011 680 2061 decorasti?
706 2022 735 2060 nt
745 2012 778 2059 sit
787 2025 839 2058 ue·

90 2077 156 2125 suini
166 2077 283 2139 dubium,
298 2079 371 2128 hanc.
381 2081 428 2128 tibi
447 2079 610 2144 praecipuam
629 2092 743 2126 caussam
761 2076 841 2126 suisss

90 2142 244 2192 extendendi
255 2145 398 2194 consulatus
409 2146 453 2204 tui,
464 2156 492 2192 ut
502 2143 615 2192 duorum
625 2143 769 2191 consulatus
779 2157 840 2193 aru·

89 2209 256 2274 plecteretur,
276 2220 301 2257 et
315 2211 438 2275 collegam
453 2221 477 2258 te
491 2225 544 2256 uon
559 2208 605 2256 ιιιιί
615 2205 694 2255 daret.
724 2204 839 2269 Vterque

89 2290 175 2339 nuper.
182 2274 343 2324 consulatum
352 2276 460 2339 alterum
474 2285 582 2339 gesserat
591 2291 605 2322 a
615 2282 684 2338 patre
694 2283 748 2333 tuo,
757 2269 839 2326 idest,

89 2351 185 2403 quanto
194 2343 281 2390 minus
292 2357 370 2406 quam
381 2359 396 2390 a
411 2339 455 2388 te?
475 2339 577 2387 datum:
605 2339 736 2400 utriusque
755 2332 839 2383 adhuc

90 2405 169 2453 oculis
179 2408 266 2470 paullo
275 2420 333 2455 aute
344 2404 443 2457 dimissi
457 2405 536 2453 fasces
551 2402 711 2452 oberrabant:
740 2397 838 2445 utrius·

91 2484 142 2532 que
151 2471 273 2520 solemnis
284 2474 327 2521 ille
336 2472 456 2520 lictorum
467 2483 491 2519 et
500 2468 668 2533 praenuntius
679 2466 776 2519 clamor
790 2478 840 2511 au-

90 2532 163 2582 ribus
172 2535 309 2597 insederat3
329 2534 411 2602 quu'm
421 2552 508 2597 Ιιιιιιιιι
519 2534 620 2589 curulis,
630 2543 769 2591 rursusque
777 2542 840 2593 pur·

92 2615 168 2664 pura:
197 2602 321 2681 psspplim,
341 2620 388 2669 qur
456 2597 681 2681 ptlsinprosimo,
691 2605 716 2645 et
726 2595 753 2644 iu
764 2606 850 2653 snm.
