1890 2924
208 170 248 231 44
422 167 454 221 C.
470 166 606 220 PLlNlI
623 167 697 219 tlt.
716 167 751 220 ΙΙ.

211 271 331 327 disertus,
350 279 424 335 etque
443 265 594 332 iungendis
613 270 705 318 caussis
724 269 883 329 exercitatus,
902 287 945 335 qe

209 353 311 387 summa
322 336 379 393 ride,
400 337 456 400 pari
475 336 623 394 constantin,
643 351 690 384 nec-
700 335 853 385 verecundio
864 338 945 385 utino

210 400 334 451 defendit.
356 398 646 452 llalrctevuncrdumc.
663 399 814 465 Septicium,
833 402 942 466 quonilr

209 470 301 524 serius,
312 466 380 516 nibil
390 466 539 531 simplicius,
552 467 616 515 nihil
627 465 769 526 candidius,
784 468 852 516 nilril
862 466 943 518 fideli

208 535 278 583 novi.
293 533 392 582 Omnes
403 550 441 580 me
454 534 574 588 certatim,
586 543 611 581 et
622 545 706 581 taruco
716 535 857 597 semaaliter
866 551 939 583 eman

208 600 326 647 omnibus
337 615 405 647 nunc
416 615 465 661 ego
475 601 501 645 in
514 615 566 647 uuo
577 601 669 647 referre
676 600 783 663 gratiam
789 616 905 665 possum·
915 600 928 649 I

208 682 258 729 que
267 682 357 730 prenso
367 666 470 722 amicos,
480 665 604 729 supplico,
618 664 706 713 embi'o
715 662 814 725 domos,
828 666 934 715 statione
944 691 945 694 ¹

208 748 259 795 que
268 734 409 781 circumeo:
429 741 604 795 quantumquo
619 730 660 779 uel
669 732 820 781 auctoritate
830 732 873 780 vel
884 748 928 797 gre
939 732 944 743 '

209 798 316 855 ral'esm,
326 797 441 863 precibus
452 796 573 860 experior.
592 797 630 845 Te
640 813 741 861 quicque
751 796 866 859 obsecro,
876 808 906 847 ut
913 798 944 847 si‘

226 880 285 912 uem
298 864 381 912 oneris
400 863 452 911 mei
461 872 560 927 portem
578 864 643 910 susci
663 878 705 911 crs
715 863 779 911 tenti
789 875 873 928 putes.
895 862 940 913 lle

240 946 267 978 m
287 932 382 983 ricem,
402 929 423 976 si
443 943 570 991 reposces:
588 926 634 977 red
652 928 761 978 omasi
769 946 824 977 non
834 946 903 995 repo

207 993 338 1057 Diligeris,
347 994 444 1050 coleris,
455 994 634 1058 frequentaris:
644 994 842 1054 ostendemodo,
852 996 921 1047 velle

208 1075 254 1110 nec
264 1059 379 1121 danunt,
389 1059 442 1125 qui,
453 1058 522 1123 quod
532 1070 561 1109 tu
571 1062 641 1123 velis,
652 1060 764 1127 cupient.
783 1060 861 1112 Vde.
914 1094 921 1101 -

561 1160 596 1210 X.

207 1228 251 1283 Ad
267 1229 415 1283 carminum
426 1226 575 1292 editionem,
594 1226 691 1280 sallem
705 1226 745 1280 ad
758 1226 890 1282 recitatio

272 1297 443 1353 adhortatur.

290 1381 322 1437 C.
339 1379 509 1436 PLINIVS
527 1382 715 1439 OCTAVIO
739 1380 821 1439 SVO
838 1382 869 1438 S.

258 1467 395 1519 Hominem
410 1470 595 1535 reperientem,
609 1469 650 1520 vel
661 1471 746 1533 potios
759 1469 926 1535 dummaeps

207 1549 238 1583 ne
251 1533 390 1595 crudelem,
412 1538 456 1600 qui
468 1548 519 1585 tem
538 1537 648 1599 insignes
659 1536 738 1584 libros
747 1535 848 1585 tamdiu
858 1546 944 1585 teness

206 1601 347 1664 Quousque
359 1611 384 1649 et
394 1601 442 1651 oti
455 1614 480 1653 et
489 1602 560 1651 nobis
569 1599 707 1651 invidebis:
717 1601 772 1660 tibi,
785 1603 896 1651 maxima
901 1602 941 1651 len

205 1664 250 1730 de3
273 1666 355 1728 nobis,
367 1666 513 1735 voluptate?
534 1667 594 1715 Sine
612 1682 657 1733 per
666 1684 710 1716 ore
721 1666 886 1716 hominumf
915 1705 917 1709 ,
932 1692 934 1705 =

206 1745 255 1796 tur,
266 1734 418 1800 iisdemque,
431 1736 523 1799 quibus
535 1734 623 1800 lingua
634 1734 756 1792 Romans,
765 1734 854 1798 spatiis
864 1749 933 1799 pers

205 1814 305 1867 geratur.
323 1803 417 1866 Magna
429 1804 504 1850 etium
516 1803 643 1866 longeque
653 1802 805 1866 exspectetio
818 1812 868 1850 est:
880 1816 914 1865 qu
943 1825 945 1843 ι

205 1870 318 1921 frustrari
327 1866 412 1915 sdlruc
421 1878 447 1915 et
456 1866 556 1915 differre
567 1885 620 1915 noo
631 1866 716 1917 debes.
725 1867 937 1933 Enotueruntqus

205 1936 313 1985 deortui
334 1949 429 1992 versus,
450 1945 474 1982 et
488 1933 570 1981 invito
589 1932 729 1981 teclsustru
748 1942 792 1982 tus
812 1933 945 1999 sregsruu

168 2003 179 2019 ⁹
204 2003 257 2052 Hos
278 2001 328 2050 nisi
337 1999 441 2048 retrahis
452 2001 480 2048 in
490 2015 594 2065 corpus,
614 1996 778 2063 quandoque,
799 2009 828 2046 ut
845 2016 920 2050 errou

202 2071 322 2132 aliquem,
343 2066 414 2115 cuius
424 2063 547 2122 dicantur,
559 2065 699 2114 invenient.
718 2064 790 2113 Habe
800 2076 860 2116 ente
870 2083 918 2116 ocu
933 2090 937 2105 ·

203 2136 392 2184 mortalitatem:
411 2151 426 2181 s
451 2149 501 2197 qus
511 2131 625 2181 adserere
636 2142 660 2179 ts
676 2130 725 2180 lroc
734 2146 786 2180 uno
795 2136 928 2184 monimen

203 2212 284 2267 potes.
308 2199 375 2248 Nem
393 2210 486 2258 cetera,
506 2200 601 2263 fragilia
619 2207 646 2246 et
664 2197 766 2261 caduce,
786 2217 841 2251 nou
861 2205 926 2253 min

202 2283 280 2332 quam
293 2267 340 2331 ipsi
351 2264 477 2322 homines,
493 2263 614 2312 occidunt
626 2266 809 2331 desinuntque.
829 2260 915 2331 Dices,
925 2285 942 2318 u

201 2334 274 2390 soles,
291 2332 381 2383 Amici
391 2332 441 2380 mei
448 2331 573 2382 viderint.
595 2329 662 2396 Opto
672 2332 792 2395 equidem
801 2336 900 2387 smIcos
934 2360 938 2375 ·

202 2410 253 2449 tem
264 2398 359 2453 fideles,
381 2408 433 2447 tem
443 2397 563 2455 eruditos,
586 2408 637 2445 tam
648 2397 793 2460 laboriosos,
815 2410 845 2449 ut
853 2412 935 2453 unm

200 2482 274 2514 curse
284 2463 618 2529 intentionisqu'esttscipero
629 2473 654 2511 et
662 2465 760 2527 possint
768 2475 794 2514 et
806 2468 900 2519 velint:
940 2490 943 2508 ·

200 2532 304 2597 dispice,
314 2546 349 2581 ne
357 2530 494 2601 sitpmqs
501 2524 649 2599 providum,
660 2544 759 2593 sperare
770 2547 801 2580 ex
810 2534 911 2599 eliis,q·
924 2560 928 2574 ·
939 2559 943 2574 ι

188 2597 236 2645 Abi
244 2601 303 2665 ipse
311 2594 502 2667 uors'ptjfssm·
515 2590 593 2647 Este
602 2592 713 2659 editions
722 2595 830 2659 quidem
839 2602 915 2650 interi
931 2626 935 2641 .

176 2671 206 2709 et
218 2667 306 2719 soles:
315 2664 403 2721 recila
411 2661 770 2747 μίιρῃηιιομίιιϊὼιιι
778 2665 909 2713 ειᾰιιειει

59 2748 120 2762 A
