1890 2924
13 2722 67 2734 *-

140 129 177 189 46
353 125 383 175 C.
403 123 531 176 PLINll
547 123 622 175 LIB.
639 124 676 175 11.

139 227 219 279 Mario
232 229 339 294 quidem
353 212 456 275 iudices¹
468 225 570 277 interim
585 226 683 274 censuit
695 222 807 275 dandos:
829 241 893 275 ero·

139 294 233 347 candos
248 307 347 352 eutem,
367 292 459 356 quibus
474 291 601 341 diceretur
614 293 792 340 innocentium
801 308 893 355 poenas

138 358 291 415 vendidisse.
310 361 382 425 Quae
398 361 523 409 sententia
533 376 585 406 non
595 358 736 423 praevaluit
745 357 832 417 modo,
848 356 893 407 sed

138 428 245 477 omnino
254 439 311 493 poet
320 436 401 477 tantas
412 424 575 474 dissensiones
584 426 632 472 suit
641 425 695 472 sols
704 426 840 487 frequens:
850 421 894 473 arb·

139 502 308 558 notatumque
317 493 507 559 experimentis,
525 489 595 555 qnod
605 491 678 538 lavor
687 501 712 538 et
721 489 894 539 misericordis

138 575 207 611 seres
222 570 248 607 et
262 558 426 609 vehementes
438 559 534 623 primos
549 558 660 621 impetus
674 555 777 612 hebent,
792 557 895 620 paulla-

138 625 197 687 tin,
208 626 314 675 consilio
325 636 350 674 et
359 626 456 673 ratione
466 622 538 686 quasi
548 624 675 681 restincta,
687 619 830 670 confidunt.
839 621 895 673 Vn·

139 689 272 752 desueuit,
288 702 326 751 ut,
341 689 411 756 quod
425 689 502 737 multi
517 689 628 736 clamore
641 688 767 753 permixto
784 697 895 746 tuentur,

139 772 216 813 uerno
234 756 375 807 tacentibus
395 755 482 805 ceteris
502 752 585 803 dicere
599 755 671 804 velit:
690 754 797 820 patescit
816 754 895 812 enim,

138 838 220 888 quum
229 825 371 890 separarisa
379 820 461 882 turba,
471 822 651 933 contemplatio
660 836 757 878 rerum,
767 836 833 883 quae
843 830 896 867 tnr-

137 888 170 939 bs
180 900 313 954 teguntur.
332 891 474 946 Venerunt,
491 889 536 951 qui
550 905 564 934 a
584 902 636 935 esse
646 897 716 934 erant
725 885 795 944 iussi,
806 885 894 936 Vitel-

138 955 189 1004 lius
200 956 352 1011 Honoratus,
368 967 392 1003 et
406 954 509 1003 Flavius
521 953 671 1011 Martianus,
688 969 719 1002 ex
736 952 828 1016 quibus
838 949 894 1000 flo-

138 1031 240 1070 norstus
250 1022 364 1071 trecentis
374 1019 488 1069 millibus
499 1020 617 1068 exsilium
628 1020 719 1084 equitis
728 1019 846 1078 Romani,
857 1035 894 1067 se·

139 1088 407 1153 ptrmquesmicorum
418 1086 472 1133 eius
483 1087 601 1134 ultimam
611 1102 736 1151 poenam,
753 1084 894 1134 Martianus
941 1118 943 1125 ·

138 1153 217 1201 nnius
228 1154 315 1216 equitis
327 1153 434 1201 Romani
447 1153 613 1217 septingentis
623 1153 739 1202 millibus
748 1152 822 1218 plura
833 1168 893 1219 sup·
941 1158 943 1163 '

156 1217 215 1267 licia
233 1218 388 1283 arguebatur·
407 1219 511 1266 emisse:
532 1229 585 1266 eret
595 1220 667 1267 enim
677 1218 788 1268 fustibus
799 1234 893 1276 caesus,
941 1266 943 1277 ,

138 1234 273 1335 domnulus
292 1287 319 1334 in
339 1286 483 1343 metallum,
494 1286 664 1348 rtran'gnlatus
675 1287 702 1334 in
714 1301 823 1335 earcere.
843 1282 894 1333 Sed
941 1318 943 1323 -

139 1350 297 1402 Honoratum
308 1352 447 1417 cognitioni
456 1363 557 1401 senatus
568 1369 637 1401 mors
648 1370 681 1418 np
700 1350 894 1401 ortunasnbtra·
941 1382 943 1389 ·

137 1418 189 1467 xit:
208 1416 346 1467 Martianus
365 1416 484 1467 inductus
504 1429 541 1467 est
563 1418 664 1467 absente
681 1371 777 1466 irisco.
807 1419 894 1482 ltaque

137 1481 248 1533 Tuccius
258 1482 367 1534 Cerealis
383 1484 524 1533 consuleris
542 1478 593 1533 iure
609 1486 735 1534 senatorio
745 1484 893 1551 postularit,

138 1560 167 1599 ut
175 1546 276 1599 Priscus
286 1552 378 1599 certior
387 1553 471 1600 lieret:
481 1551 533 1599 sive
544 1552 603 1614 quis
614 1551 833 1611 miserabiliorem,
842 1550 893 1602 sive
941 1586 943 1593 ·

138 1613 197 1681 quis
212 1613 401 1666 invidiosiorem
411 1618 464 1666 sore
480 1615 655 1674 arbitrabatur,
671 1619 692 1666 si
700 1633 820 1682 praesens
829 1618 893 1667 fuis·

137 1693 189 1731 retr
203 1683 255 1731 sire
267 1679 347 1746 (quod
359 1685 468 1732 maxime
480 1681 564 1748 credo)
580 1685 641 1748 quia
650 1683 830 1748 aequissimum
841 1694 893 1733 erat

138 1763 277 1801 commune
294 1750 390 1796 crimen
402 1748 433 1797 ab
449 1759 558 1814 utroque
568 1747 682 1799 delendi:
698 1761 723 1799 et
732 1750 754 1798 si
764 1749 830 1800 dilui
841 1767 891 1799 non

137 1815 267 1880 potuisset,
283 1815 310 1861 in
327 1825 435 1878 utroque
451 1816 545 1880 puniri.
566 1816 650 1866 Dilata
666 1833 705 1866 res
715 1817 790 1866 estin
802 1817 891 1883 proxi·

137 1898 212 1931 mum
228 1890 358 1939 senatum,
378 1881 451 1929 cuius
470 1882 521 1946 ipse
537 1894 685 1949 conspectus
699 1884 891 1948 angustissimus

139 1940 196 1997 fuit.
219 1944 342 2012 Princeps
358 1947 523 2012 praesidebat,
538 1961 591 1998 erat
605 1949 675 1998 enim
684 1950 785 1999 consul:
801 1948 834 1999 ad
843 1949 891 1999 lroo

137 2010 268 2062 Ianuarius
283 2013 377 2062 mensis
395 2031 454 2063 cum
467 2025 558 2076 cetera,
575 2026 630 2063 turn
640 2017 775 2080 praecipue
784 2027 889 2067 senato·

136 2093 196 2128 rum
205 2078 345 2143 frequentia
356 2080 547 2131 celeberrimus:
559 2090 684 2147 praeterea
691 2099 792 2132 caussae
798 2082 890 2149 ampli·

136 2142 207 2206 todo,
222 2156 345 2210 auctaque
355 2146 476 2197 dilatione
487 2149 637 2213 exspectatio
648 2159 673 2196 et
682 2149 759 2211 sema,
769 2151 890 2199 insitum·

135 2228 185 2276 que
197 2213 346 2261 mortalibus
356 2213 471 2263 studium
486 2231 527 2265 ma
548 2233 579 2263 na
589 2227 615 2264 et
624 2213 743 2265 inusitate
758 2214 888 2278 noscendi,

135 2276 224 2335 omnes
245 2279 357 2344 undique
376 2283 510 2332 exciverat.
529 2233 681 2347 imaginare,
702 2282 889 2346 quaesolieittr·

133 2343 168 2393 do
179 2345 259 2407 nobie,
272 2348 315 2411 qui
326 2359 418 2409 suetus,
429 2348 522 2414 quibus
531 2364 609 2414 super
618 2360 685 2398 tanta
695 2363 731 2409 re,
743 2349 770 2398 in
782 2351 891 2401 illucet·

136 2423 173 2473 tu,
183 2426 314 2478 praesente
324 2413 439 2478 Caesare,
452 2413 591 2465 dicendum
601 2426 661 2463 erat.
671 2413 801 2479 Equidem
812 2416 839 2466 in
848 2430 891 2466 st-

135 2490 197 2529 natu
207 2497 259 2528 non
270 2480 417 2547 ιειιιεῑζοςὶτ1
422 2480 486 2547 quin
497 2482 577 2530 immo
587 2497 714 2546 nusquam
726 2482 890 2535 sudiribeni·

129 2545 210 2608 5nins
218 2548 301 2595 soleot
311 2554 375 2595 tune
382 2556 529 2607 mstrnlen,
539 2560 568 2596 ut
577 2565 642 2597 nora
653 2550 740 2599 omnis
751 2568 819 2601 noro
828 2566 889 2602 me·

122 2619 151 2658 tn
154 2613 366 2678 permovebant.
385 2604 576 2687 Obversabatur
592 2626 690 2681 praeter
697 2613 754 2683 illa,
762 2634 888 2686 qma-su.
