1890 2924
356 104 491 159 misc.
512 106 535 160 1.
788 119 824 174 ω
894 68 901 85 “

61 224 129 274 qnos
159 207 226 255 virm
249 206 363 267 audiat,-
383 206 477 274 qntbnr
515 210 656 276 praeceptis
695 209 824 261 imbuere!

62 274 186 339 quamvis
205 273 251 322 ille
269 273 318 324 hoc
342 285 574 340 temperamentum
599 277 741 333 modoetiae
763 295 824 329 auae

63 337 202 397 indixerit,
231 356 265 388 ne
300 343 445 407 pnecipere
473 340 598 392 videatur.
637 342 747 394 Peractir
781 360 824 394 ae-

63 421 137 474 ptcm
148 405 265 456 millibna
276 422 408 472 patruum,
429 408 523 456 iterum
539 409 654 460 ambulat
669 410 757 470 mille,
778 412 824 462 ite·

63 491 125 523 rum
143 471 247 532 recidet,
264 474 308 523 rel
326 489 353 522 te
373 472 495 523 cubiculo
514 491 542 522 nc
562 476 621 525 atilo
640 475 733 526 reddit.
750 475 823 526 scri-

63 539 104 590 bit
124 541 205 599 enim,
223 550 249 588 et
268 539 375 605 quidem
395 551 501 605 utreque
516 542 619 605 lingue,
636 543 714 610 lyrict
733 541 824 593 doctit-

64 607 138 656 rime.
156 606 226 657 llice
245 606 299 655 illia
318 604 437 666 dulcedo,
454 607 521 658 mira
540 608 657 669 runvittr,
674 611 739 659 mira
754 609 824 660 hila·

65 674 137 722 nitar:
155 672 239 720 'eninr
268 675 375 737 gratiam
403 674 518 723 cumulat
541 677 658 725 sanctitat
682 674 823 726 scribentis.

64 738 118 789 Ubi
137 737 201 787 hoca
221 738 316 788 balinei
335 741 453 790 nuntiata
472 743 523 799 ert',
559 739 609 803 (est
628 754 715 791 antem
738 740 824 792 hieme

64 821 141 867 nona,
160 815 255 854 aeatate
273 805 372 868 octava)
393 808 422 855 in
446 806 509 866 cole,
525 806 547 857 ei
564 820 633 858 caret
657 819 751 867 vento,
769 825 824 857 am·

64 870 137 921 breint
155 871 253 921 nudua.
281 871 383 923 Deinde
403 884 528 922 movetur
542 873 593 939 pila
602 874 779 925 'vehementer
798 885 824 922 et

64 938 122 988 din:
138 954 201 995 narn
229 938 278 986 ltoe
302 954 404 1004 qnoque
429 940 614 989 exercitationis
642 956 735 1008 genere
768 957 822 1007 pu·

63 1015 126 1069 gnat
145 1020 210 1052 cnm
227 1016 367 1054 senectute.
400 1006 478 1055 Lotus
500 1006 618 1062 accubet.
636 1016 662 1058 et
681 1008 821 1074 paullisper

63 1070 154 1120 eibum
179 1069 277 1121 differt:
300 1072 406 1120 interim
433 1070 508 1121 audit
534 1074 665 1137 legentem
692 1071 822 1123 remissior

62 1135 162 1204 eliquitl
183 1149 209 1186 et
228 1135 338 1188 dulcius.
355 1138 405 1189 Pet
424 1132 474 1188 ltot
492 1155 569 1188 omne
589 1150 693 1207 tempor
708 1139 822 1188 liberum

62 1216 100 1254 ert
130 1202 221 1253 amicir
239 1207 281 1254 vel
311 1203 402 1254 eadem
425 1219 509 1269 cgere,
534 1207 574 1255 vel
598 1207 659 1267 elin,
676 1207 697 1256 ri
721 1207 823 1257 malint.

62 1270 213 1337 Apponitur
235 1286 314 1321 toene
340 1287 394 1320 non
418 1273 505 1321 minut
525 1270 607 1321 nitida
639 1289 717 1337 quam
745 1271 821 1334 frugi,

61 1336 89 1385 in
115 1347 222 1400 argento
259 1354 307 1387 nro
329 1347 356 1385 et
374 1339 488 1403 antiquo·
522 1336 590 1386 Sunt
608 1339 636 1386 in
657 1354 706 1386 uan
727 1346 752 1384 et
772 1334 823 1383 Co·

62 1401 172 1463 cinthia,
191 1354 285 1467 quiin·
305 1403 457 1463 delectatur,
473 1420 521 1452 nee
541 1403 666 1452 ndficitur.
684 1403 821 1465 Frequen-

63 1479 105 1517 ter
123 1466 252 1518 comoedia
272 1485 350 1519 coena
359 1468 533 1535 distinguitur,
551 1480 580 1516 ut
601 1469 742 1535 voluptates
759 1483 822 1530 qno-

64 1551 116 1600 que
140 1533 232 1584 studiis
259 1534 421 1585 condiantur.
455 1536 542 1585 Sumit
566 1534 665 1600 aliquid
688 1532 721 1582 de
741 1544 822 1596 nocte,

63 1613 90 1651 et
109 1611 212 1652 aestate.
245 1601 351 1651 Nemini
370 1601 420 1651 hoc
438 1598 546 1668 longum
565 1614 617 1664 eat,
642 1612 710 1652 tanta
738 1601 822 1649 comi-

63 1680 114 1719 tate
133 1669 284 1719 convitium
304 1669 421 1719 trahitur.
456 1669 520 1719 Inde
540 1667 580 1717 illi
605 1679 663 1735 port
682 1671 822 1734 septimum

63 1746 89 1784 et
106 1737 330 1801 septuagesimum
348 1749 447 1785 ennom
466 1738 568 1785 aurium
587 1736 772 1799 oculorumque
783 1736 822 1782 vi·

63 1799 324 1868 gor‘intege13inde
351 1801 419 1865 agile
447 1810 471 1849 et
491 1800 609 1852 vividum
633 1817 738 1868 corpur,
756 1799 823 1849 nola·

62 1883 113 1934 que
133 1884 166 1917 ex
185 1879 316 1918 aeneetute
335 1866 477 1934 prudentia.
505 1869 576 1917 Hanc
595 1885 643 1933 ego
662 1871 743 1919 ritant
761 1877 821 1917 voto

62 1945 89 1984 et
118 1934 273 1998 cogitatione
302 1949 452 2000 praeaumo,
479 1935 637 2000 ingressurae
666 1933 820 1993 avidissime,

63 2012 94 2051 nt
111 2000 233 2066 primum
252 2001 316 2049 ratio
340 2001 429 2049 aetatis
455 2001 567 2067 receptui
587 2016 677 2051 canere
696 1999 821 2064 permise-

62 2067 105 2117 rit.
120 2066 231 2117 interim
248 2067 321 2115 mille
339 2065 469 2115 laboribus
490 2078 612 2125 conteror,
630 2081 741 2132 qnorum
756 2064 821 2113 mihi

63 2144 90 2182 et
108 2133 232 2183 solatium
246 2143 272 2181 et
290 2134 438 2198 exemplum
459 2144 496 2182 eat
515 2130 584 2180 idem
594 2132 732 2198 Spurinna.
752 2131 821 2181 Nam

62 2200 107 2248 ille
138 2214 252 2264 quoqne,
279 2197 364 2265 quoad
392 2198 530 2248 honestum
552 2198 608 2261 suit,
635 2197 698 2248 obiit
727 2196 817 2255 officia,

82 2267 144 2316 ertit
165 2267 339 2331 magistratus,
356 2267 500 2330 provinciae
520 2267 595 2314 rexit:
622 2267 754 2328 multoque
774 2265 816 2312 ln-

61 2283 126 2383 {ore
146 2330 197 2379 hoc
215 2331 296 2380 otium
316 2331 419 2382 meruit.
445 2332 528 2396 igitur
548 2329 661 2380 eundem
676 2329 741 2379 mihi
761 2344 819 2375 cnr-

61 2415 137 2457 eum,
155 2396 270 2447 eundem
290 2398 431 2447 terminum
457 2408 552 2446 statuo:
579 2396 657 2461 idque
678 2398 729 2443 iam
749 2407 818 2441 nunc

62 2462 135 2530 apud
156 2474 181 2513 te
200 2464 333 2528 subriguo:
351 2475 388 2523 ut,
405 2466 427 2511 ri
446 2480 487 2512 me
507 2464 609 2526 longior
628 2459 700 2511 evelti
717 2458 825 2514 viderit,

63 2533 91 2580 in
110 2533 151 2580 iu'a
170 2546 246 2580 coece
265 2529 298 2579 ad
317 2529 382 2579 hauc
410 2530 544 2596 epistolam
561 2545 671 2589 meam,
695 2536 723 2575 tt
749 2526 824 2588 ullu·

15 2616 19 2623 ·
62 2613 134 2650 acere
151 2594 245 2659 iubeat,
264 2612 345 2661 quum
361 2594 469 2653 inertiae
489 2599 592 2653 cumen
615 2598 745 2664 elingem.
756 2592 841 2642 N‘uie.
