1890 2924
106 155 143 210 ss
314 143 345 199 c.
363 145 662 217 reticuerunt·

106 242 855 315 ullddiueneIonehocquidem‚utoptimum,placuit.'0mnee

106 313 266 365 comitiorum
276 315 316 363 die
327 315 429 363 tabellas
440 317 638 380 postulaverunt.
665 315 856 365 Excesseramus

104 398 164 431 aune
183 381 322 429 manifestis
339 381 389 429 illie
416 383 558 446 apertisque
581 379 705 442 suffragiis
728 380 857 431 licentiam

106 447 266 495 concionum·
278 445 336 495 Non
347 457 397 494 tem
417 462 447 494 us
458 445 588 511 loquendi,
599 461 651 492 non
661 445 760 495 tacendi
768 443 857 495 mode·
874 479 876 482 >

105 511 159 573 stia,
178 529 230 560 non
240 511 348 575 denique
358 465 464 560 seddndi
474 511 580 576 dignitas
590 509 783 560 custodiebatur.
791 509 854 560 'lda-

106 579 150 641 gni
156 576 269 640 undique
279 577 423 641 dissonique
433 579 567 626 clamores:
576 574 758 641 procurrebant
766 585 856 626 omues

106 658 167 692 cum
175 644 226 691 auis
241 641 389 692 candidatis:
407 644 490 692 multa
501 641 601 708 agmina
612 644 637 689 in
647 641 745 704 medi03
763 642 855 693 multi·

106 723 155 773 que
165 709 251 757 circuli
268 719 293 757 et
312 706 429 756 indecora
441 706 569 757 censurio:
587 705 649 756 adeo
668 696 853 758 desciverim

104 791 119 822 a
128 772 307 824 consuetudine
317 786 459 839 parentum,
469 770 536 838 apud
546 790 609 837 quos
624 775 708 822 omnia
724 771 852 838 disposita,

103 838 239 899 moderata,
250 841 393 904 tranquilla,
403 841 559 890 maiestatem
570 839 620 887 loci
631 839 804 904 pudoremque
814 856 853 887 re·

104 904 223 955 tinebant.
260 904 402 972 Supersunt
420 921 499 965 renes,
519 920 548 952 ex
567 904 659 969 quibua
678 905 764 954 audire
783 906 852 953 soleo

104 969 173 1018 hunc
182 972 299 1020 ordinem
309 972 479 1019 comitiorum.
508 968 589 1019 Citato
599 972 702 1029 nomine
717 967 850 1029 candidati,

103 1037 233 1085 silentium
241 1053 379 1085 summum·
407 1037 514 1086 Dicebat
524 1037 576 1102 ipse
604 1052 633 1084 ro
642 1053 677 1097 ae,
691 1037 770 1084 vitam
780 1052 852 1085 suam

104 1101 250 1166 explicabat,
270 1113 343 1150 testes
353 1114 378 1151 et
395 1102 536 1152 laudatores
556 1101 588 1151 da
621 1115 638 1162 t,
661 1101 782 1163 selenus,
804 1099 851 1150 aab

102 1183 155 1231 quo
173 1169 333 1225 militaverat,
354 1169 395 1216 vcl
414 1185 486 1226 eum,
505 1170 546 1216 oui
565 1179 679 1232 quaestor
698 1168 791 1226 suerat,
812 1167 851 1216 rel

103 1244 249 1298 utrumque,
261 1235 289 1281 'si
300 1245 409 1298 poterat:
431 1232 540 1284 addebat
554 1232 677 1298 quosdam
689 1244 719 1282 cx
729 1235 852 1298 suffraga-

101 1301 211 1350 toribtn:
230 1301 268 1348 illi
279 1301 389 1366 graviter
398 1311 423 1349 et
435 1302 520 1365 paucis
531 1299 707 1364 loquebantur.
728 1298 788 1346 Plus
798 1297 852 1358 hoe,

101 1383 179 1431 quam
189 1383 281 1431 preces,
301 1365 426 1433 proderat.
454 1364 643 1430 Nonnunquam
652 1363 801 1413 candidatur
810 1373 853 1413 art

102 1434 199 1481 rtatalea
210 1435 386 1499 competitoris,
396 1442 440 1481 aut
449 1448 536 1490 anuos,
548 1443 591 1480 aut
601 1433 677 1481 etism
684 1447 769 1480 morea
779 1430 851 1496 {cgr-

103 1497 169 1547 ebat.
192 1496 321 1549 Audiebat
340 1511 441 1549 senatus
456 1499 576 1562 gravitate
591 1497 711 1547 censoria.
739 1497 777 1545 lta
795 1512 852 1544 sae·

102 1565 161 1628 pius
172 1564 251 1629 digni,
270 1582 347 1630 quam
361 1565 470 1628 gratiosi,
489 1563 672 1628 praevalebant.
691 1562 763 1627 Quae
782 1573 850 1611 nunc

102 1629 240 1680 immodico
250 1631 334 1679 farore
344 1641 467 1696 corrupta,
477 1629 509 1678 ad
519 1631 592 1679 tacita
601 1629 727 1692 suffragia,
738 1629 810 1693 quasi
820 1624 860 1692 ad·

102 1693 254 1753 remedium,
273 1693 444 1746 decurrerunt.
470 1694 549 1760 Quod
564 1695 668 1744 interim
686 1695 850 1759 pianereme·

103 1757 177 1808 dium
186 1761 246 1809 fuit:
266 1772 319 1810 eret
329 1763 397 1810 enim
407 1778 505 1812 norum
514 1773 539 1810 et
547 1761 671 1812 subitum.
691 1759 744 1809 Sed
754 1774 850 1823 vereoe,

101 1839 135 1872 ne
144 1823 293 1888 procedente
313 1838 425 1893 tempore
435 1843 466 1877 ex
477 1829 532 1894 ipso
546 1827 659 1879 remedio
669 1827 728 1876 vitia
750 1840 851 1888 naseam

104 1901 155 1938 tur.
174 1891 298 1941 Ertcuiru
318 1895 470 1958 periculum,
491 1909 523 1942 ne
533 1895 612 1942 tacitis
622 1893 748 1957 suffragiis
768 1894 851 1958 impu·

104 1952 188 2004 dentia
207 1957 308 2020 irrepat.
336 1959 402 2006 Nam
422 1961 592 2022 quotocuique
611 1957 700 2007 eadem
718 1956 852 2007 honestatis

103 2035 163 2069 eura
175 2033 277 2082 secreto,
288 2038 351 2086 quae
361 2022 463 2087 palam?
473 2023 550 2072 Multi
556 2025 660 2082 famam,
670 2023 853 2072 c'onrcieutiaur

99 2087 174 2197 pauci
194 2100 320 2136 verentur.
349 2089 402 2137 Sed
412 2090 488 2139 nimis
508 2092 557 2137 cito
572 2087 603 2137 de
623 2087 727 2138 futuris:
741 2088 851 2138 'interim

120 2152 222 2200 eneiicio
233 2153 382 2204 tabellarum
392 2155 537 2204 babebimus
543 2156 709 2219 magistratus,
719 2155 764 2218 qui
772 2155 852 2204 maxi«

99 2231 142 2263 me
152 2218 208 2266 fieri
219 2219 370 2268 debuerunt.
390 2220 456 2269 Nam
466 2229 495 2268 ut
504 2221 530 2268 in
540 2221 732 2286 recuperatoriis
741 2220 849 2278 iudiciis,

88 2280 137 2330 'uic
146 2299 191 2332 nos
201 2285 227 2331 in
238 2283 276 2331 bis
296 2289 409 2343 comitiis,
425 2288 495 2351 quasi
505 2296 608 2351 repente
619 2285 780 2351 apprehensi,
799 2287 850 2337 ain⁴

101 2349 151 2395 ceri
162 2349 257 2398 iudices
266 2351 370 2400 fuimus.
398 2351 467 2400 Haec
476 2351 522 2399 tibi
532 2351 626 2417 scripsi,
639 2354 751 2417 primum
760 2361 790 2400 ut
799 2353 849 2401 ali·

99 2412 163 2476 quid
172 2418 233 2465 nori
243 2418 383 2475 acribcrem‚
394 2415 487 2467 deinde
498 2429 526 2466 ut
539 2434 724 2481 nonuunquam
734 2415 766 2466 de
775 2433 866 2485 repu·,

99 2474 166 2529 blica
174 2484 369 2546 loquerer‚cuius
379 2485 497 2532 materiae
508 2483 850 2547 nobisquautorarior‚quaua

97 2546 230 2607 veteribus,
241 2552 344 2613 occasio,
356 2550 518 2600 tantominus
528 2548 669 2599 omittenda
677 2559 733 2597 eet..
744 2549 778 2598 Et
793 2548 850 2599 ber·

20 2609 144 2756 ἱίἾΙσ
153 2630 292 2688 quousque
300 2621 346 2674 iila
357 2614 493 2687 vulgaria]
505 2615 574 2682 Ebu,
582 2614 733 2690 quidugt'a?
751 2609 851 2684 Ecquid
