1890 2924
306 125 586 184 ntismmx,
789 135 826 193 87

86 234 165 286 neorii
175 233 351 282 insuumenti:
363 249 427 297 quae
436 233 580 297 plurimum
593 228 679 287 refert,
697 228 780 279 nuntie
798 232 824 279 in

82 316 160 353 neum
168 298 290 358 conseras,
310 316 343 348 sn
352 301 378 348 iu
389 299 485 349 diversa
497 297 634 363 dispergas.
669 294 764 345 Contra
776 313 825 344 ve-

77 382 142 426 reor,
155 381 190 414 ne
199 362 231 413 sit
240 366 379 421 incautum,
399 381 454 413 rem
464 376 516 412 tam
528 380 648 426 magnam
661 362 752 410 iisdem
762 374 821 412 tem·

73 431 222 501 pestetibus,
242 428 332 481 iisdem
350 430 448 479 casibus
466 428 583 478 subdere.
605 429 696 477 Tutius
714 427 825 490 uidetur,

71 504 169 551 incerte
187 497 302 546 fortunus
320 498 506 561 possessionum
524 496 683 543 varietatibus
709 495 824 560 experiri·
864 494 868 501 '

70 563 155 615 Habes
164 564 241 611 etiem
250 562 361 609 multum
374 559 537 610 iucunditatis
546 561 595 608 soli
610 562 723 624 coelique
739 572 825 610 muta·

71 632 118 688 tio,
135 629 239 693 ipseque
248 627 290 674 illa
305 625 471 692 peregrinatio
482 628 600 675 intersita.
621 626 684 687 lom,
694 626 764 690 quotl
774 624 823 674 tie-

69 693 226 745 iilte'etionis
235 703 334 741 nostr-se
344 703 468 757 ceputest,
475 693 529 756 egri
535 703 594 741 suut
600 694 702 750 fertiles,
708 693 823 758 pingues,

69 761 171 825 aquosi:
198 769 312 807 constent
330 761 439 824 eampis,
466 759 561 818 vineis,
581 761 665 817 silvis,
686 775 749 822 quse
768 775 823 807 ms-

69 828 160 875 terism
169 835 196 872 et
214 841 246 872 ex
255 825 288 872 'ee
306 823 419 873 reditum
436 825 500 874 sicut
520 824 658 882 modicum,
678 827 711 874 its
729 835 824 874 statum

68 899 202 956 praestem·
208 888 327 939 Sedlteeo
336 890 441 939 felicius
450 901 529 939 terrae
540 892 674 941 imbecillis
684 891 823 938 cultoribus

68 957 195 1021 fatigatos.
223 954 290 1005 Nem
309 971 434 1021 possessor
452 958 522 1020 prior
540 961 638 1023 saepius
657 955 824 1020 venditlitpi-

70 1038 165 1088 gum:
182 1033 207 1071 et
216 1019 281 1071 dum
290 1023 386 1086 relique
396 1023 543 1072 colonorum
562 1022 694 1072 minuitud
713 1034 822 1087 ternpus,

70 1091 137 1139 sires
146 1088 175 1136 in
184 1099 314 1153 posterum
325 1088 446 1148 exhausit,
465 1105 574 1153 querum
586 1089 725 1138 ‹leiectione
735 1104 823 1137 rursus

69 1156 168 1218 relique
185 1166 327 1203 creverunt.
356 1152 423 1202 Sunt
433 1171 493 1218 ergo
514 1154 657 1204 instruendi
676 1171 733 1202 coru
752 1154 822 1204 iures

69 1220 137 1285 frugi
146 1221 282 1284 mancipes.
310 1219 377 1271 Nam
386 1237 434 1268 nec
443 1223 495 1286 ipsc
506 1238 613 1285 usqusun
623 1223 718 1270 vinctos
733 1173 821 1278 labeo,

71 1301 120 1335 neo
128 1284 165 1334 ihi
175 1286 318 1350 qnisquam.
337 1286 464 1350 Superest,
475 1300 504 1336 ut
513 1288 582 1344 seins,
593 1286 680 1351 quanti
691 1285 823 1334 videantur

71 1353 218 1418 poeseemi3
235 1351 348 1401 sestertio
362 1353 456 1402 tricies:
477 1371 528 1402 non
548 1353 607 1417 quie
618 1369 669 1400 uon
688 1349 823 1413 aliquando

72 1418 239 1484 quinquagies
258 1418 366 1478 suerint,
388 1435 480 1468 verum
498 1419 577 1468 ethus
595 1419 699 1485 penuria
721 1418 823 1465 colono·

71 1498 131 1533 rum
140 1494 165 1533 et
174 1486 306 1533 communi
314 1485 438 1550 temporis
448 1486 590 1548 iniquitate,
608 1495 637 1532 ut
645 1481 742 1531 reditus
752 1498 823 1545 ugro-

69 1565 138 1611 rttm,
159 1551 196 1600 sie
205 1551 279 1599 etiem
299 1551 410 1614 pretium
420 1563 488 1599 retro
499 1550 565 1598 abiit.
594 1550 710 1614 Quaeris,
729 1565 761 1597 tu
773 1548 821 1599 hoo

69 1616 156 1681 ipsum
164 1614 246 1667 tricies
255 1615 328 1666 facile
342 1616 462 1681 colligere
471 1615 614 1680 possimus?
633 1616 699 1666 Sum
714 1614 821 1680 quidem
890 1630 899 1647 ⁸

69 1698 147 1747 prope
165 1692 233 1730 totus
245 1683 272 1728 in
291 1681 409 1747 praediis,
424 1681 519 1745 aliquid
537 1693 620 1731 tamen
639 1683 755 1746 foenore,
774 1698 821 1732 nec

67 1750 207 1798 molestum
216 1748 264 1796 erit
273 1752 395 1798 mutuari.
422 1746 555 1813 Accipiam
564 1767 578 1798 e
586 1766 667 1808 socru,
682 1751 753 1800 cuius
764 1766 821 1800 ercet

70 1830 122 1862 non
131 1829 242 1863 sentisse
260 1816 403 1863 meantcr.'
421 1813 532 1863 Proinde
553 1815 695 1865 hoctenon
710 1827 819 1876 moveat,
865 1849 867 1853 -

70 1881 91 1928 si
99 1891 184 1949 cetere
193 1895 247 1928 non
267 1880 433 1944 refragentur,
453 1898 516 1944 qtrae
525 1884 602 1931 velim
614 1899 690 1946 quem
708 1882 821 1947 diligen-

70 1945 167 1995 tissime
176 1946 318 1994 examines.
337 1946 404 1994 Num
414 1963 494 2009 qutun
504 1949 530 1995 in
539 1950 658 1996 omnibus
667 1950 750 2008 rebus,
765 1960 822 2000 tum

70 2009 98 2059 in
115 2010 282 2075 disponendis
296 2010 462 2059 facultatibus
482 2012 626 2076 plurimum
635 2011 682 2063 tibi
692 2025 717 2062 et
727 2030 785 2064 usus
796 2027 821 2066 et

69 2076 372 2142 prouidentiuequperest.
406 2077 479 2128 Vale·

441 2175 473 2225 X.

70 2242 102 2294 ln
111 2242 226 2292 comitiis
235 2241 338 2291 modum
344 2257 394 2308 per
404 2175 519 2292 tlibellae
528 2244 700 2315 effugant:
710 2246 820 2297 restim·

99 2315 156 2359 tum
166 2316 272 2366 narrat,
283 2326 314 2357 ex
324 2325 375 2376 quo
384 2309 647 2379 incommodafutuia
657 2323 820 2383 auguratur.

148 2388 180 2439 C.
201 2389 371 2441 PLINIVS
401 2389 571 2442 MAXIMO
603 2393 682 2445 SVO
712 2395 739 2445 S.

101 2472 288 2532 Meministine,
298 2486 322 2522 te
333 2491 405 2540 saepe
416 2477 516 2540 legisse,
528 2488 633 2540 quantos
645 2478 818 2524 contentiones

69 2539 183 2587 exstiterit
192 2541 235 2589 lex
245 2540 380 2599 tabellaria,
391 2552 564 2606 quantumque
574 2543 750 2607 ipsilutoritel
759 2541 822 2604 glo-

73 2605 124 2653 'ias
129 2604 171 2654 vel
176 2604 519 2669 reprehensiouisstltttlcrit?
526 2606 564 2662 At
569 2610 672 2660 nuncin
682 2608 840 2660 seuutusitne
