1890 2924
171 156 378 215 PANEGYR.
396 153 484 207 ΕΗ.
503 153 599 207 ΗΝ.
615 152 696 206 XLV.
766 160 820 219 545

63 260 139 311 striae
144 260 226 324 pretio
238 258 344 314 similes,
354 257 494 307 dissimiles
509 257 669 309 alliciuntur:
679 272 740 307 nem
749 271 823 323 prae·

63 328 119 379 mis
138 325 269 373 bonorum
286 325 466 388 malorumque
483 324 562 373 bonos
577 340 607 373 nc
623 326 706 373 mulos
716 324 822 373 leniunt.

64 393 143 443 Pauci
155 390 219 439 adeo
229 391 334 455 ingenio
344 390 439 445 valent.
450 400 478 438 ut
488 401 620 456 nonturpe
625 389 822 454 honestumque,

64 469 142 540 prput
149 457 215 536 bens
224 472 256 535 ιο
264 471 338 534 secus
347 457 562 570 cess{t,.pspetsnt
572 456 822 571 ‘'wiwliaiffelri'

65 524 717 653 {lllllttt‘lsstti'truit‘jltttttttt
728 538 823 638 „nl

65 665 214 719 assequutus
225 654 324 710 vident,
335 664 525 721 consectentur:
545 655 685 718 qualesque
699 666 762 703 sunt
771 655 819 712 itti,

67 722 128 771 tsles
138 736 192 768 esse
202 732 228 769 et
239 718 322 768 videri
334 718 439 779 voluut;
450 718 648 778 stilumroluut,
655 721 728 771 fiunt.

117 785 199 836 XLV.
215 786 250 835 Et
259 786 357 850 priores
366 782 476 849 quidem
485 785 622 851 principes,
634 797 741 851 excepto
750 798 822 851 patre

10 864 18 891 ι
65 865 121 915 tuo,
129 864 258 918 praeterea
268 867 321 899 uno
330 862 375 899 ιιιι
385 853 474 909 altero,
486 851 607 913 (ernimis
617 848 765 917 disi,)vitiis
776 869 822 917 po·

10 916 20 961 Ἰ

10 992 22 1025 Ι

12 1060 21 1091 s

10 1126 21 1159 :t

17 1190 22 1219 ι

10 1260 20 1289 s

10 1324 18 1357 Ι

10 1390 16 1421 t

10 1456 14 1485 ι

65 920 117 969 tius
133 917 476 981 eivitmqusmvirtunbus
496 916 669 968 laetabantur:
698 919 821 983 primum,

65 983 234 1049 quodiuslio
253 999 299 1032 sus
319 999 449 1046 quemque
467 993 557 1031 ιιιιιιιι
574 981 695 1045 delectat;
718 983 821 1042 deiude,

65 1049 138 1115 quod
146 1049 307 1115 patientiores
317 1050 449 1097 servitutis
463 1046 663 1107 arbitrabuntur,
686 1066 748 1112 quos
769 1066 821 1098 non

65 1118 167 1167 deceret
177 1130 231 1163 esse
242 1115 292 1164 nisi
301 1131 396 1163 servos.
417 1115 519 1161 Horuns
528 1114 554 1161 iu
566 1113 653 1163 sinum
662 1115 749 1162 omniu
760 1131 822 1163 cou-

65 1184 201 1247 gerebant:
214 1180 392 1229 innovantem
403 1181 454 1229 otio
465 1189 509 1227 sut
517 1179 568 1226 situ
578 1177 714 1235 abstrusos,
725 1191 749 1228 et
759 1197 822 1243 qus·

64 1250 218 1313 sisepultos,
234 1264 285 1295 uon
296 1247 345 1295 nisi
356 1244 526 1295 delationibus
537 1254 563 1293 st
571 1246 689 1311 periculis
699 1248 725 1293 in
736 1245 821 1295 luceru

64 1331 94 1365 sc
104 1314 175 1363 diem
195 1312 369 1378 proferebant.
397 1310 440 1361 Τιι
449 1311 547 1363 amicos
556 1324 587 1359 ex
596 1311 702 1376 optimis
711 1311 786 1372 legis,
796 1322 823 1360 et

64 1380 170 1430 hercule
177 1395 290 1441 aequum
301 1390 347 1437 est,
359 1393 411 1427 esse
421 1393 464 1427 eos
474 1378 615 1427 carissimos
625 1376 695 1426 huno
705 1377 821 1441 principi,

85 1447 112 1492 ui
122 1444 199 1492 inuisi
208 1445 278 1492 melo
288 1443 393 1493 luerint.
423 1444 494 1504 Scis,
513 1454 543 1492 ut
552 1454 612 1492 sunt
621 1440 721 1491 diverse
732 1454 822 1491 nature

66 1462 209 1560 dominstio
223 1521 249 1556 et
258 1507 420 1574 principetur,
440 1508 475 1559 itu
485 1527 538 1557 non
549 1509 605 1557 eliis
615 1524 667 1556 esse
677 1508 823 1574 principem

67 1576 220 1643 gratiorem
234 1591 313 1638 quum
332 1575 376 1638 qui
395 1576 508 1625 menime
523 1573 663 1623 dominnm
673 1586 822 1640 graventur.

66 1644 123 1693 Hos
133 1656 193 1704 ergo
200 1639 329 1705 provehis,
336 1643 551 1705 etostentasquasi
560 1642 693 1705 specimen
705 1650 729 1689 et
738 1655 823 1688 exem·

67 1709 133 1776 plsr,
144 1722 208 1769 quae
218 1705 262 1755 tibi
273 1717 337 1754 seets
347 1707 422 1766 vitre,
438 1707 506 1771 quod
523 1706 661 1756 hominum
670 1722 752 1770 genus
762 1708 822 1771 pls-

69 1783 138 1823 ceat:
157 1782 182 1819 et
192 1769 249 1819 ideo
261 1788 311 1819 non
323 1787 456 1821 censuram
466 1773 558 1831 adhuc,
574 1789 626 1821 uon
636 1773 823 1836 praefectorum

67 1854 175 1890 morum
183 1838 310 1902 recepisti,
321 1839 378 1901 quis
389 1837 435 1885 tihi
447 1837 577 1889 beneficiis
587 1841 679 1903 potius,
689 1855 768 1902 quam
776 1854 823 1887 re-

68 1903 164 1955 mediis
175 1904 279 1969 ingenis
290 1912 375 1953 nostre
386 1905 492 1968 experiri
503 1906 593 1968 placet.
609 1905 644 1953 Et
653 1905 768 1969 alioquin
778 1919 825 1951 ue·

68 1973 136 2032 scio,
157 1972 263 2034 euplus
279 1966 396 2018 moribus
413 1968 525 2017 coniciet
546 1972 671 2034 princeps,
691 1972 735 2033 qui
745 1970 825 2019 bonos

70 2052 125 2084 esse
135 2039 237 2101 petitur,
248 2052 326 2099 quum
337 2036 382 2098 qui
392 2034 469 2097 cogit«
496 2035 516 2083 F
518 2034 633 2083 lesibiles
643 2052 824 2100 quomrunque

69 2105 98 2153 in
109 2114 209 2168 partem
220 2100 364 2148 ducimura
375 2100 498 2164 principe,
507 2111 591 2164 atque,
601 2111 631 2149 ut
640 2102 673 2150 its
683 2100 775 2164 dicam,
785 2119 826 2150 se·

70 2185 165 2233 qunces
175 2184 274 2216 sumus.
293 2166 362 2215 Huic
372 2166 442 2213 enim
451 2166 510 2223 ceri,
525 2164 586 2213 huic
596 2166 697 2231 probuti
708 2184 762 2219 esse
775 2182 825 2216 cu-

69 2238 173 2302 pirnus;
193 2232 264 2299 quod
283 2232 375 2283 frustra
394 2231 554 2297 speraverint
572 2229 721 2283 dissimiles:
745 2249 826 2298 eoque

71 2301 186 2365 obsequii
197 2300 390 2349 continuatione
400 2298 572 2363 pervenimus,
592 2310 622 2347 ut
639 2315 719 2364 prope
735 2315 826 2348 omnes

71 2366 189 2417 homines
205 2369 281 2416 unius
297 2365 414 2415 moribus
431 2367 555 2414 vivamus.
583 2361 678 2424 Porro,
700 2382 752 2413 nou
771 2373 825 2411 tem

71 2433 170 2480 sinistre
181 2436 350 2484 constitutum
360 2444 404 2490 est,
415 2441 451 2490 ut,
463 2431 612 2495 quinsnlum
619 2431 762 2494 principem
767 2444 825 2493 pos·

70 2513 180 2557 sumus,
198 2499 296 2549 bonum
307 2510 356 2547 nun
378 2499 507 2564 possimus
525 2495 630 2544 imitari.
672 2494 752 2559 Perge
769 2508 825 2543 mo·

71 2562 114 2623 tlo,
124 2560 223 2624 Csesnr,
234 2575 258 2614 et
269 2565 321 2613 vim
332 2564 501 2628 effectumque
512 2575 632 2610 censurae
643 2593 651 2619 ,
670 2570 745 2609 tuum
760 2574 823 2625 pro·

70 2632 191 2697 positum,
201 2630 238 2679 tui
249 2639 318 2681 setus
327 2629 487 2681 obtinebunt·
498 2628 570 2681 llum
576 2627 630 2678 *titt
635 2624 768 2693 nunnus
774 2639 835 2671 essu·
