<?xml version="1.0" encoding="UTF-8"?>
<!DOCTYPE html PUBLIC "-//W3C//DTD XHTML 1.0 Transitional//EN"
    "http://www.w3.org/TR/xhtml1/DTD/xhtml1-transitional.dtd">
<html xmlns="http://www.w3.org/1999/xhtml" xml:lang="en" lang="en">
 <head>
  <title>
</title>
<meta http-equiv="Content-Type" content="text/html;charset=utf-8" />
  <meta name='ocr-system' content='tesseract 3.04.00' />
  <meta name='ocr-capabilities' content='ocr_page ocr_carea ocr_par ocr_line ocrx_word'/>
</head>
<body>
  <div class='ocr_page' id='page_1' title='image "./cpliniicaecilii01plingoog_0107.png"; bbox 0 0 1890 2924; ppageno 0'>
   <div class='ocr_carea' id='block_1_1' title="bbox 116 172 671 238">
    <p class='ocr_par' dir='ltr' id='par_1_1' title="bbox 116 172 671 238">
     <span class='ocr_line' id='line_1_1' title="bbox 116 172 671 238; baseline -0.007 -9"><span class='ocrx_word' id='word_1_1' title='bbox 116 181 171 238; x_wconf 75' lang='lat'>102</span> <span class='ocrx_word' id='word_1_2' title='bbox 295 172 326 225; x_wconf 90' lang='lat' dir='ltr'>C.</span> <span class='ocrx_word' id='word_1_3' title='bbox 352 173 492 228; x_wconf 73' lang='lat' dir='ltr'>enum</span> <span class='ocrx_word' id='word_1_4' title='bbox 520 173 671 227; x_wconf 70' lang='lat' dir='ltr'>nutv.</span> 
     </span>
    </p>
   </div>
   <div class='ocr_carea' id='block_1_2' title="bbox 66 274 867 1403">
    <p class='ocr_par' dir='ltr' id='par_1_2' title="bbox 113 274 867 540">
     <span class='ocr_line' id='line_1_2' title="bbox 114 274 867 341; baseline -0.001 -16"><span class='ocrx_word' id='word_1_5' title='bbox 114 292 169 325; x_wconf 77' lang='lat' dir='ltr'>sere</span> <span class='ocrx_word' id='word_1_6' title='bbox 184 286 295 336; x_wconf 74' lang='lat' dir='ltr'>anctore,</span> <span class='ocrx_word' id='word_1_7' title='bbox 306 286 423 325; x_wconf 83' lang='lat' dir='ltr'>senatnrn</span> <span class='ocrx_word' id='word_1_8' title='bbox 433 277 572 338; x_wconf 84' lang='lat' dir='ltr'>consuluit,</span> <span class='ocrx_word' id='word_1_9' title='bbox 588 274 651 341; x_wconf 89' lang='lat' dir='ltr'>quid</span> <span class='ocrx_word' id='word_1_10' title='bbox 661 277 715 325; x_wconf 87' lang='lat' dir='ltr'>fieri</span> <span class='ocrx_word' id='word_1_11' title='bbox 730 275 762 326; x_wconf 90' lang='lat' dir='ltr'>de</span> <span class='ocrx_word' id='word_1_12' title='bbox 776 274 867 326; x_wconf 76' lang='lat' dir='ltr'>salario</span> 
     </span>
     <span class='ocr_line' id='line_1_3' title="bbox 116 340 867 405; baseline 0.003 -15"><span class='ocrx_word' id='word_1_13' title='bbox 116 342 203 391; x_wconf 86' lang='lat' dir='ltr'>vellet.</span> <span class='ocrx_word' id='word_1_14' title='bbox 233 342 328 399; x_wconf 80' lang='lat' dir='ltr'>Parve,</span> <span class='ocrx_word' id='word_1_15' title='bbox 338 340 384 390; x_wconf 89' lang='lat' dir='ltr'>sed</span> <span class='ocrx_word' id='word_1_16' title='bbox 393 353 478 391; x_wconf 82' lang='lat' dir='ltr'>temen</span> <span class='ocrx_word' id='word_1_17' title='bbox 490 344 614 405; x_wconf 76' lang='lat' dir='ltr'>quaestio.</span> <span class='ocrx_word' id='word_1_18' title='bbox 643 342 754 391; x_wconf 75' lang='lat' dir='ltr'>Heredes</span> <span class='ocrx_word' id='word_1_19' title='bbox 770 344 867 392; x_wconf 77' lang='lat' dir='ltr'>scribae</span> 
     </span>
     <span class='ocr_line' id='line_1_4' title="bbox 113 407 867 474; baseline -0.001 -16"><span class='ocrx_word' id='word_1_20' title='bbox 113 407 177 470; x_wconf 75' lang='lat' dir='ltr'>nibi3</span> <span class='ocrx_word' id='word_1_21' title='bbox 197 408 318 474; x_wconf 81' lang='lat' dir='ltr'>praefecti</span> <span class='ocrx_word' id='word_1_22' title='bbox 327 410 423 457; x_wconf 80' lang='lat' dir='ltr'>aerario</span> <span class='ocrx_word' id='word_1_23' title='bbox 433 410 529 473; x_wconf 84' lang='lat' dir='ltr'>populo</span> <span class='ocrx_word' id='word_1_24' title='bbox 540 407 712 457; x_wconf 73' lang='lat' dir='ltr'>vindicabant.</span> <span class='ocrx_word' id='word_1_25' title='bbox 722 407 785 459; x_wconf 74' lang='lat' dir='ltr'>Acte</span> <span class='ocrx_word' id='word_1_26' title='bbox 794 426 867 458; x_wconf 82' lang='lat' dir='ltr'>catn-</span> 
     </span>
     <span class='ocr_line' id='line_1_5' title="bbox 113 470 867 540; baseline -0.001 -16"><span class='ocrx_word' id='word_1_27' title='bbox 113 491 141 524; x_wconf 80' lang='grc' dir='ltr'>ιι</span> <span class='ocrx_word' id='word_1_28' title='bbox 150 484 201 523; x_wconf 84' lang='lat' dir='ltr'>est:</span> <span class='ocrx_word' id='word_1_29' title='bbox 211 473 275 527; x_wconf 80' lang='lat' dir='ltr'>dixit</span> <span class='ocrx_word' id='word_1_30' title='bbox 284 470 562 532; x_wconf 76' lang='lat' dir='ltr'>heredumadvoeetus,</span> <span class='ocrx_word' id='word_1_31' title='bbox 572 473 664 522; x_wconf 90' lang='lat' dir='ltr'>deinde</span> <span class='ocrx_word' id='word_1_32' title='bbox 674 476 776 540; x_wconf 87' lang='lat' dir='ltr'>populi:</span> <span class='ocrx_word' id='word_1_33' title='bbox 795 486 867 523; x_wconf 87' lang='lat' dir='ltr'>uter-</span> 
     </span>
    </p>

    <p class='ocr_par' dir='ltr' id='par_1_3' title="bbox 66 534 866 1403">
     <span class='ocr_line' id='line_1_6' title="bbox 149 534 866 605; baseline 0 -16"><span class='ocrx_word' id='word_1_34' title='bbox 149 556 164 589; x_wconf 88' lang='lat' dir='ltr'>e</span> <span class='ocrx_word' id='word_1_35' title='bbox 173 537 364 605; x_wconf 76' lang='lat' dir='ltr'>percommode.</span> <span class='ocrx_word' id='word_1_36' title='bbox 375 534 500 588; x_wconf 79' lang='lat' dir='ltr'>Caecilius</span> <span class='ocrx_word' id='word_1_37' title='bbox 511 539 601 588; x_wconf 82' lang='lat' dir='ltr'>Strabo</span> <span class='ocrx_word' id='word_1_38' title='bbox 611 542 707 589; x_wconf 79' lang='lat' dir='ltr'>serario</span> <span class='ocrx_word' id='word_1_39' title='bbox 718 543 817 589; x_wconf 82' lang='lat' dir='ltr'>censuit</span> <span class='ocrx_word' id='word_1_40' title='bbox 825 543 866 589; x_wconf 91' lang='lat' dir='ltr'>in·</span> 
     </span>
     <span class='ocr_line' id='line_1_7' title="bbox 124 604 864 656; baseline -0.001 -1"><span class='ocrx_word' id='word_1_41' title='bbox 124 604 262 655; x_wconf 84' lang='lat' dir='ltr'>erendum:</span> <span class='ocrx_word' id='word_1_42' title='bbox 281 605 388 655; x_wconf 75' lang='lat' dir='ltr'>Baebius</span> <span class='ocrx_word' id='word_1_43' title='bbox 399 606 485 655; x_wconf 84' lang='lat' dir='ltr'>Macer</span> <span class='ocrx_word' id='word_1_44' title='bbox 494 605 632 655; x_wconf 82' lang='lat' dir='ltr'>heredibus</span> <span class='ocrx_word' id='word_1_45' title='bbox 640 605 765 656; x_wconf 82' lang='lat' dir='ltr'>dandam.</span> <span class='ocrx_word' id='word_1_46' title='bbox 786 607 864 656; x_wconf 88' lang='lat' dir='ltr'>Obti-</span> 
     </span>
     <span class='ocr_line' id='line_1_8' title="bbox 112 668 865 736; baseline 0 -15"><span class='ocrx_word' id='word_1_47' title='bbox 112 673 170 721; x_wconf 87' lang='lat' dir='ltr'>uuit</span> <span class='ocrx_word' id='word_1_48' title='bbox 175 669 275 723; x_wconf 82' lang='lat' dir='ltr'>Strabo.</span> <span class='ocrx_word' id='word_1_49' title='bbox 296 674 337 721; x_wconf 88' lang='lat' dir='ltr'>Tu</span> <span class='ocrx_word' id='word_1_50' title='bbox 348 668 424 720; x_wconf 76' lang='lat' dir='ltr'>lauda</span> <span class='ocrx_word' id='word_1_51' title='bbox 434 672 625 730; x_wconf 84' lang='lat' dir='ltr'>Marcellinum,</span> <span class='ocrx_word' id='word_1_52' title='bbox 635 684 665 734; x_wconf 82' lang='lat' dir='ltr'>nt</span> <span class='ocrx_word' id='word_1_53' title='bbox 674 688 721 736; x_wconf 81' lang='lat' dir='ltr'>ego</span> <span class='ocrx_word' id='word_1_54' title='bbox 730 674 818 722; x_wconf 81' lang='lat' dir='ltr'>statim</span> <span class='ocrx_word' id='word_1_55' title='bbox 827 674 865 721; x_wconf 82' lang='lat' dir='ltr'>fe·</span> 
     </span>
     <span class='ocr_line' id='line_1_9' title="bbox 112 736 862 807; baseline 0.005 -22"><span class='ocrx_word' id='word_1_56' title='bbox 112 739 144 786; x_wconf 85' lang='lat' dir='ltr'>ei.</span> <span class='ocrx_word' id='word_1_57' title='bbox 173 739 300 804; x_wconf 84' lang='lat' dir='ltr'>Quemvis</span> <span class='ocrx_word' id='word_1_58' title='bbox 311 739 381 786; x_wconf 88' lang='lat' dir='ltr'>enim</span> <span class='ocrx_word' id='word_1_59' title='bbox 392 736 493 807; x_wconf 52' lang='lat' dir='ltr'>§unde</span> <span class='ocrx_word' id='word_1_60' title='bbox 504 738 611 786; x_wconf 79' lang='lat' dir='ltr'>sufficiat</span> <span class='ocrx_word' id='word_1_61' title='bbox 621 739 671 795; x_wconf 90' lang='lat' dir='ltr'>illi,</span> <span class='ocrx_word' id='word_1_62' title='bbox 687 739 757 802; x_wconf 88' lang='lat' dir='ltr'>qnod</span> <span class='ocrx_word' id='word_1_63' title='bbox 767 751 804 787; x_wconf 87' lang='lat' dir='ltr'>est</span> <span class='ocrx_word' id='word_1_64' title='bbox 814 749 862 789; x_wconf 79' lang='lat' dir='ltr'>ete</span> 
     </span>
     <span class='ocr_line' id='line_1_10' title="bbox 66 802 863 871; baseline -0.001 -18"><span class='ocrx_word' id='word_1_65' title='bbox 66 826 70 833; x_wconf 93' lang='lat'>·</span> <span class='ocrx_word' id='word_1_66' title='bbox 112 804 225 871; x_wconf 78' lang='lat' dir='ltr'>principe</span> <span class='ocrx_word' id='word_1_67' title='bbox 235 816 260 853; x_wconf 91' lang='lat' dir='ltr'>et</span> <span class='ocrx_word' id='word_1_68' title='bbox 269 822 284 852; x_wconf 83' lang='lat' dir='ltr'>a</span> <span class='ocrx_word' id='word_1_69' title='bbox 293 816 381 853; x_wconf 83' lang='lat' dir='ltr'>senatu</span> <span class='ocrx_word' id='word_1_70' title='bbox 387 803 520 869; x_wconf 79' lang='lat' dir='ltr'>probatus3</span> <span class='ocrx_word' id='word_1_71' title='bbox 532 802 742 867; x_wconf 80' lang='lat' dir='ltr'>gaudebittamen</span> <span class='ocrx_word' id='word_1_72' title='bbox 750 806 863 853; x_wconf 87' lang='lat' dir='ltr'>testimo·</span> 
     </span>
     <span class='ocr_line' id='line_1_11' title="bbox 112 870 861 935; baseline 0 -16"><span class='ocrx_word' id='word_1_73' title='bbox 112 871 156 919; x_wconf 87' lang='lat' dir='ltr'>nio</span> <span class='ocrx_word' id='word_1_74' title='bbox 166 880 219 920; x_wconf 87' lang='lat' dir='ltr'>tuo.</span> <span class='ocrx_word' id='word_1_75' title='bbox 242 871 342 920; x_wconf 88' lang='lat' dir='ltr'>Omnes</span> <span class='ocrx_word' id='word_1_76' title='bbox 352 871 436 930; x_wconf 86' lang='lat' dir='ltr'>euim,</span> <span class='ocrx_word' id='word_1_77' title='bbox 452 871 497 932; x_wconf 92' lang='lat' dir='ltr'>qui</span> <span class='ocrx_word' id='word_1_78' title='bbox 508 872 587 935; x_wconf 83' lang='lat' dir='ltr'>gloria</span> <span class='ocrx_word' id='word_1_79' title='bbox 597 870 714 933; x_wconf 81' lang='lat' dir='ltr'>famaque</span> <span class='ocrx_word' id='word_1_80' title='bbox 725 871 861 927; x_wconf 76' lang='lat' dir='ltr'>eirrcnntur,</span> 
     </span>
     <span class='ocr_line' id='line_1_12' title="bbox 111 934 862 992; baseline 0.001 -7"><span class='ocrx_word' id='word_1_81' title='bbox 111 938 207 986; x_wconf 85' lang='lat' dir='ltr'>mirum</span> <span class='ocrx_word' id='word_1_82' title='bbox 215 938 243 985; x_wconf 92' lang='lat' dir='ltr'>in</span> <span class='ocrx_word' id='word_1_83' title='bbox 252 935 362 985; x_wconf 87' lang='lat' dir='ltr'>modum</span> <span class='ocrx_word' id='word_1_84' title='bbox 371 934 488 985; x_wconf 82' lang='lat' dir='ltr'>adsensio</span> <span class='ocrx_word' id='word_1_85' title='bbox 498 948 524 984; x_wconf 88' lang='lat' dir='ltr'>et</span> <span class='ocrx_word' id='word_1_86' title='bbox 533 936 596 992; x_wconf 80' lang='lat' dir='ltr'>laus,</span> <span class='ocrx_word' id='word_1_87' title='bbox 607 953 621 983; x_wconf 85' lang='lat' dir='ltr'>a</span> <span class='ocrx_word' id='word_1_88' title='bbox 630 935 774 984; x_wconf 88' lang='lat' dir='ltr'>minoribus</span> <span class='ocrx_word' id='word_1_89' title='bbox 784 940 862 986; x_wconf 80' lang='lat' dir='ltr'>etiem</span> 
     </span>
     <span class='ocr_line' id='line_1_13' title="bbox 111 1000 859 1067; baseline 0 -18"><span class='ocrx_word' id='word_1_90' title='bbox 111 1001 237 1067; x_wconf 79' lang='lat' dir='ltr'>proiecta,</span> <span class='ocrx_word' id='word_1_91' title='bbox 247 1000 364 1051; x_wconf 81' lang='lat' dir='ltr'>delectat.</span> <span class='ocrx_word' id='word_1_92' title='bbox 385 1004 423 1051; x_wconf 84' lang='lat' dir='ltr'>Te</span> <span class='ocrx_word' id='word_1_93' title='bbox 433 1018 492 1051; x_wconf 80' lang='lat' dir='ltr'>vero</span> <span class='ocrx_word' id='word_1_94' title='bbox 503 1002 666 1051; x_wconf 74' lang='lat' dir='ltr'>Marcellinus</span> <span class='ocrx_word' id='word_1_95' title='bbox 676 1003 710 1049; x_wconf 81' lang='lat' dir='ltr'>ita</span> <span class='ocrx_word' id='word_1_96' title='bbox 719 1013 859 1059; x_wconf 81' lang='lat' dir='ltr'>reveretur,</span> 
     </span>
     <span class='ocr_line' id='line_1_14' title="bbox 110 1065 859 1133; baseline 0.001 -18"><span class='ocrx_word' id='word_1_97' title='bbox 110 1077 139 1115; x_wconf 94' lang='lat' dir='ltr'>ut</span> <span class='ocrx_word' id='word_1_98' title='bbox 157 1067 253 1118; x_wconf 87' lang='lat' dir='ltr'>iudicio</span> <span class='ocrx_word' id='word_1_99' title='bbox 263 1078 308 1115; x_wconf 91' lang='lat' dir='ltr'>tuo</span> <span class='ocrx_word' id='word_1_100' title='bbox 317 1068 462 1133; x_wconf 90' lang='lat' dir='ltr'>plurimum</span> <span class='ocrx_word' id='word_1_101' title='bbox 472 1068 576 1116; x_wconf 85' lang='lat' dir='ltr'>tribnat.</span> <span class='ocrx_word' id='word_1_102' title='bbox 604 1065 711 1115; x_wconf 83' lang='lat' dir='ltr'>Accedit</span> <span class='ocrx_word' id='word_1_103' title='bbox 722 1067 771 1127; x_wconf 90' lang='lat' dir='ltr'>his,</span> <span class='ocrx_word' id='word_1_104' title='bbox 782 1066 859 1131; x_wconf 76' lang='lat' dir='ltr'>(pund,</span> 
     </span>
     <span class='ocr_line' id='line_1_15' title="bbox 110 1134 858 1199; baseline 0 -18"><span class='ocrx_word' id='word_1_105' title='bbox 110 1134 132 1182; x_wconf 83' lang='lat' dir='ltr'>si</span> <span class='ocrx_word' id='word_1_106' title='bbox 142 1135 290 1199; x_wconf 72' lang='lat' dir='ltr'>cognoverit</span> <span class='ocrx_word' id='word_1_107' title='bbox 299 1134 397 1183; x_wconf 80' lang='lat' dir='ltr'>iactum</span> <span class='ocrx_word' id='word_1_108' title='bbox 406 1150 483 1182; x_wconf 88' lang='lat' dir='ltr'>sunm</span> <span class='ocrx_word' id='word_1_109' title='bbox 494 1135 542 1182; x_wconf 89' lang='lat' dir='ltr'>isto</span> <span class='ocrx_word' id='word_1_110' title='bbox 552 1149 632 1197; x_wconf 86' lang='lat' dir='ltr'>nsque</span> <span class='ocrx_word' id='word_1_111' title='bbox 642 1144 797 1197; x_wconf 75' lang='lat' dir='ltr'>penetrasse,</span> <span class='ocrx_word' id='word_1_112' title='bbox 808 1149 858 1181; x_wconf 88' lang='lat' dir='ltr'>rre-</span> 
     </span>
     <span class='ocr_line' id='line_1_16' title="bbox 109 1196 859 1266; baseline -0.003 -17"><span class='ocrx_word' id='word_1_113' title='bbox 109 1213 177 1249; x_wconf 75' lang='lat' dir='ltr'>cssse</span> <span class='ocrx_word' id='word_1_114' title='bbox 186 1210 232 1259; x_wconf 86' lang='lat' dir='ltr'>est,</span> <span class='ocrx_word' id='word_1_115' title='bbox 242 1196 326 1249; x_wconf 81' lang='lat' dir='ltr'>leudis</span> <span class='ocrx_word' id='word_1_116' title='bbox 336 1216 396 1249; x_wconf 83' lang='lat' dir='ltr'>snae</span> <span class='ocrx_word' id='word_1_117' title='bbox 401 1201 499 1266; x_wconf 79' lang='lat' dir='ltr'>spatio,</span> <span class='ocrx_word' id='word_1_118' title='bbox 517 1210 543 1249; x_wconf 85' lang='lat' dir='ltr'>et</span> <span class='ocrx_word' id='word_1_119' title='bbox 552 1215 634 1257; x_wconf 86' lang='lat' dir='ltr'>eursu,</span> <span class='ocrx_word' id='word_1_120' title='bbox 645 1209 670 1246; x_wconf 93' lang='lat' dir='ltr'>et</span> <span class='ocrx_word' id='word_1_121' title='bbox 680 1201 859 1264; x_wconf 81' lang='lat' dir='ltr'>peregrinatio·</span> 
     </span>
     <span class='ocr_line' id='line_1_17' title="bbox 110 1265 860 1331; baseline -0.003 -16"><span class='ocrx_word' id='word_1_122' title='bbox 110 1282 142 1315; x_wconf 83' lang='lat' dir='ltr'>ne</span> <span class='ocrx_word' id='word_1_123' title='bbox 152 1268 270 1316; x_wconf 77' lang='lat' dir='ltr'>laetetur.</span> <span class='ocrx_word' id='word_1_124' title='bbox 289 1266 407 1327; x_wconf 85' lang='lat' dir='ltr'>Etenim,</span> <span class='ocrx_word' id='word_1_125' title='bbox 418 1267 562 1331; x_wconf 82' lang='lat' dir='ltr'>nescioquo</span> <span class='ocrx_word' id='word_1_126' title='bbox 572 1275 655 1330; x_wconf 87' lang='lat' dir='ltr'>pacto,</span> <span class='ocrx_word' id='word_1_127' title='bbox 666 1265 707 1312; x_wconf 87' lang='lat' dir='ltr'>vel</span> <span class='ocrx_word' id='word_1_128' title='bbox 717 1267 798 1331; x_wconf 82' lang='lat' dir='ltr'>magis</span> <span class='ocrx_word' id='word_1_129' title='bbox 809 1265 860 1321; x_wconf 69' lang='lat' dir='ltr'>hoq</span> 
     </span>
     <span class='ocr_line' id='line_1_18' title="bbox 110 1330 723 1403; baseline -0.007 -21"><span class='ocrx_word' id='word_1_130' title='bbox 110 1334 194 1383; x_wconf 82' lang='lat' dir='ltr'>minet</span> <span class='ocrx_word' id='word_1_131' title='bbox 203 1335 272 1385; x_wconf 80' lang='lat' dir='ltr'>iuvat</span> <span class='ocrx_word' id='word_1_132' title='bbox 281 1333 361 1398; x_wconf 79' lang='lat' dir='ltr'>glorie</span> <span class='ocrx_word' id='word_1_133' title='bbox 370 1334 427 1395; x_wconf 74' lang='lat' dir='ltr'>late,</span> <span class='ocrx_word' id='word_1_134' title='bbox 437 1350 514 1396; x_wconf 80' lang='lat' dir='ltr'>quam</span> <span class='ocrx_word' id='word_1_135' title='bbox 524 1347 628 1396; x_wconf 74' lang='lat' dir='ltr'>magna.</span> <span class='ocrx_word' id='word_1_136' title='bbox 648 1330 723 1403; x_wconf 67' lang='lat' dir='ltr'>Yele.</span> 
     </span>
    </p>
   </div>
   <div class='ocr_carea' id='block_1_3' title="bbox 109 1428 857 1696">
    <p class='ocr_par' dir='ltr' id='par_1_4' title="bbox 109 1428 857 1696">
     <span class='ocr_line' id='line_1_19' title="bbox 109 1428 857 1566; baseline 0 -18"><span class='ocrx_word' id='word_1_137' title='bbox 109 1492 257 1566; x_wconf 70' lang='lat' dir='ltr'>Municipes</span> <span class='ocrx_word' id='word_1_138' title='bbox 274 1515 338 1550; x_wconf 78' lang='lat' dir='ltr'>suos</span> <span class='ocrx_word' id='word_1_139' title='bbox 358 1428 678 1561; x_wconf 46' lang='lat' dir='ltr'>horradrfftnrecfiolam</span> <span class='ocrx_word' id='word_1_140' title='bbox 703 1494 857 1557; x_wconf 68' lang='lat' dir='ltr'>instituant,</span> 
     </span>
     <span class='ocr_line' id='line_1_20' title="bbox 175 1562 857 1635; baseline -0.001 -20"><span class='ocrx_word' id='word_1_141' title='bbox 175 1568 257 1615; x_wconf 82' lang='lat' dir='ltr'>etiam</span> <span class='ocrx_word' id='word_1_142' title='bbox 266 1566 373 1615; x_wconf 80' lang='lat' dir='ltr'>tertiam</span> <span class='ocrx_word' id='word_1_143' title='bbox 382 1573 486 1614; x_wconf 72' lang='lat' dir='ltr'>sumtus</span> <span class='ocrx_word' id='word_1_144' title='bbox 491 1573 600 1631; x_wconf 82' lang='lat' dir='ltr'>partem</span> <span class='ocrx_word' id='word_1_145' title='bbox 604 1562 747 1629; x_wconf 79' lang='lat' dir='ltr'>pollicitus</span> <span class='ocrx_word' id='word_1_146' title='bbox 752 1585 764 1622; x_wconf 87' lang='lat'>,-</span> <span class='ocrx_word' id='word_1_147' title='bbox 773 1572 857 1635; x_wconf 74' lang='lat' dir='ltr'>rogat</span> 
     </span>
     <span class='ocr_line' id='line_1_21' title="bbox 178 1629 762 1696; baseline -0.003 -17"><span class='ocrx_word' id='word_1_148' title='bbox 178 1632 309 1691; x_wconf 81' lang='lat' dir='ltr'>Tacitum,</span> <span class='ocrx_word' id='word_1_149' title='bbox 319 1639 351 1679; x_wconf 85' lang='lat' dir='ltr'>ut</span> <span class='ocrx_word' id='word_1_150' title='bbox 355 1639 545 1696; x_wconf 65' lang='lat' dir='ltr'>praeceptores</span> <span class='ocrx_word' id='word_1_151' title='bbox 555 1629 762 1695; x_wconf 75' lang='lat' dir='ltr'>circumspiciat.</span> 
     </span>
    </p>
   </div>
   <div class='ocr_carea' id='block_1_4' title="bbox 75 1706 825 1763">
    <p class='ocr_par' dir='ltr' id='par_1_5' title="bbox 75 1706 825 1763">
     <span class='ocr_line' id='line_1_22' title="bbox 75 1706 825 1763; baseline 0 -2"><span class='ocrx_word' id='word_1_152' title='bbox 75 1706 80 1715; x_wconf 83' lang='grc'><em>“</em></span> <span class='ocrx_word' id='word_1_153' title='bbox 143 1708 174 1761; x_wconf 84' lang='lat' dir='ltr'>C·</span> <span class='ocrx_word' id='word_1_154' title='bbox 195 1709 335 1763; x_wconf 83' lang='lat' dir='ltr'><strong>PLINIVS</strong></span> <span class='ocrx_word' id='word_1_155' title='bbox 357 1706 532 1763; x_wconf 84' lang='lat' dir='ltr'>CORNELIO</span> <span class='ocrx_word' id='word_1_156' title='bbox 551 1709 684 1762; x_wconf 74' lang='lat' dir='ltr'>TActro</span> <span class='ocrx_word' id='word_1_157' title='bbox 704 1708 775 1762; x_wconf 86' lang='lat' dir='ltr'>SVO</span> <span class='ocrx_word' id='word_1_158' title='bbox 795 1711 825 1761; x_wconf 84' lang='lat' dir='ltr'>S.</span> 
     </span>
    </p>
   </div>
   <div class='ocr_carea' id='block_1_5' title="bbox 79 1790 856 2727">
    <p class='ocr_par' dir='ltr' id='par_1_6' title="bbox 104 1790 856 2588">
     <span class='ocr_line' id='line_1_23' title="bbox 158 1790 855 1856; baseline 0.007 -17"><span class='ocrx_word' id='word_1_159' title='bbox 158 1790 265 1843; x_wconf 79' lang='lat' dir='ltr'>Salsum</span> <span class='ocrx_word' id='word_1_160' title='bbox 275 1805 301 1843; x_wconf 87' lang='lat' dir='ltr'>te</span> <span class='ocrx_word' id='word_1_161' title='bbox 311 1796 338 1842; x_wconf 92' lang='lat' dir='ltr'>in</span> <span class='ocrx_word' id='word_1_162' title='bbox 351 1791 441 1842; x_wconf 86' lang='lat' dir='ltr'>urbem</span> <span class='ocrx_word' id='word_1_163' title='bbox 452 1796 549 1842; x_wconf 81' lang='lat' dir='ltr'>venisse</span> <span class='ocrx_word' id='word_1_164' title='bbox 557 1793 666 1856; x_wconf 74' lang='lat' dir='ltr'>gaudeo.</span> <span class='ocrx_word' id='word_1_165' title='bbox 695 1793 797 1843; x_wconf 81' lang='lat' dir='ltr'>Venisti</span> <span class='ocrx_word' id='word_1_166' title='bbox 806 1811 855 1844; x_wconf 80' lang='lat' dir='ltr'>eu·</span> 
     </span>
     <span class='ocr_line' id='line_1_24' title="bbox 109 1857 855 1924; baseline 0.001 -16"><span class='ocrx_word' id='word_1_167' title='bbox 109 1872 171 1917; x_wconf 85' lang='lat' dir='ltr'>tem,</span> <span class='ocrx_word' id='word_1_168' title='bbox 182 1859 204 1906; x_wconf 88' lang='lat' dir='ltr'>si</span> <span class='ocrx_word' id='word_1_169' title='bbox 215 1858 318 1924; x_wconf 86' lang='lat' dir='ltr'>qnando</span> <span class='ocrx_word' id='word_1_170' title='bbox 328 1861 403 1916; x_wconf 79' lang='lat' dir='ltr'>alias,</span> <span class='ocrx_word' id='word_1_171' title='bbox 415 1876 484 1908; x_wconf 86' lang='lat' dir='ltr'>nune</span> <span class='ocrx_word' id='word_1_172' title='bbox 494 1861 607 1907; x_wconf 86' lang='lat' dir='ltr'>maxime</span> <span class='ocrx_word' id='word_1_173' title='bbox 616 1860 681 1909; x_wconf 88' lang='lat' dir='ltr'>mihi</span> <span class='ocrx_word' id='word_1_174' title='bbox 691 1857 855 1910; x_wconf 78' lang='lat' dir='ltr'>desideratus.</span> 
     </span>
     <span class='ocr_line' id='line_1_25' title="bbox 109 1924 855 1990; baseline -0.001 -15"><span class='ocrx_word' id='word_1_175' title='bbox 109 1926 167 1990; x_wconf 85' lang='lat' dir='ltr'>[pse</span> <span class='ocrx_word' id='word_1_176' title='bbox 176 1926 291 1990; x_wconf 82' lang='lat' dir='ltr'>pauculis</span> <span class='ocrx_word' id='word_1_177' title='bbox 301 1924 385 1974; x_wconf 84' lang='lat' dir='ltr'>adhue</span> <span class='ocrx_word' id='word_1_178' title='bbox 390 1924 480 1975; x_wconf 86' lang='lat' dir='ltr'>diebus</span> <span class='ocrx_word' id='word_1_179' title='bbox 487 1927 512 1972; x_wconf 93' lang='lat' dir='ltr'>in</span> <span class='ocrx_word' id='word_1_180' title='bbox 519 1927 664 1974; x_wconf 84' lang='lat' dir='ltr'>Tusculano</span> <span class='ocrx_word' id='word_1_181' title='bbox 669 1927 855 1982; x_wconf 83' lang='lat' dir='ltr'>commorabor,</span> 
     </span>
     <span class='ocr_line' id='line_1_26' title="bbox 109 1990 856 2057; baseline 0.001 -17"><span class='ocrx_word' id='word_1_182' title='bbox 109 2003 139 2040; x_wconf 89' lang='lat' dir='ltr'>nt</span> <span class='ocrx_word' id='word_1_183' title='bbox 148 1993 309 2056; x_wconf 84' lang='lat' dir='ltr'>opuseulum,</span> <span class='ocrx_word' id='word_1_184' title='bbox 320 1990 389 2057; x_wconf 90' lang='lat' dir='ltr'>qnod</span> <span class='ocrx_word' id='word_1_185' title='bbox 399 2005 435 2040; x_wconf 89' lang='lat' dir='ltr'>est</span> <span class='ocrx_word' id='word_1_186' title='bbox 445 1994 472 2039; x_wconf 87' lang='lat' dir='ltr'>in</span> <span class='ocrx_word' id='word_1_187' title='bbox 483 1991 608 2049; x_wconf 84' lang='lat' dir='ltr'>manibus,</span> <span class='ocrx_word' id='word_1_188' title='bbox 615 1991 753 2041; x_wconf 82' lang='lat' dir='ltr'>absolvam.</span> <span class='ocrx_word' id='word_1_189' title='bbox 761 1993 856 2041; x_wconf 78' lang='lat' dir='ltr'>Vereor</span> 
     </span>
     <span class='ocr_line' id='line_1_27' title="bbox 109 2057 854 2116; baseline 0 -10"><span class='ocrx_word' id='word_1_190' title='bbox 109 2059 176 2106; x_wconf 85' lang='lat' dir='ltr'>eninr</span> <span class='ocrx_word' id='word_1_191' title='bbox 182 2091 191 2116; x_wconf 95' lang='lat'>,</span> <span class='ocrx_word' id='word_1_192' title='bbox 201 2074 248 2115; x_wconf 86' lang='lat' dir='ltr'>ne,</span> <span class='ocrx_word' id='word_1_193' title='bbox 258 2059 280 2106; x_wconf 89' lang='lat' dir='ltr'>si</span> <span class='ocrx_word' id='word_1_194' title='bbox 291 2057 357 2107; x_wconf 86' lang='lat' dir='ltr'>hane</span> <span class='ocrx_word' id='word_1_195' title='bbox 362 2058 532 2107; x_wconf 85' lang='lat' dir='ltr'>intentionem</span> <span class='ocrx_word' id='word_1_196' title='bbox 545 2059 595 2105; x_wconf 90' lang='lat' dir='ltr'>iam</span> <span class='ocrx_word' id='word_1_197' title='bbox 605 2058 632 2106; x_wconf 92' lang='lat' dir='ltr'>in</span> <span class='ocrx_word' id='word_1_198' title='bbox 642 2058 719 2105; x_wconf 84' lang='lat' dir='ltr'>finem</span> <span class='ocrx_word' id='word_1_199' title='bbox 729 2058 854 2116; x_wconf 81' lang='lat' dir='ltr'>laxavero,</span> 
     </span>
     <span class='ocr_line' id='line_1_28' title="bbox 108 2121 855 2188; baseline -0.003 -14"><span class='ocrx_word' id='word_1_200' title='bbox 108 2139 182 2188; x_wconf 74' lang='lat' dir='ltr'>aegre</span> <span class='ocrx_word' id='word_1_201' title='bbox 197 2139 334 2172; x_wconf 83' lang='lat' dir='ltr'>resumam.</span> <span class='ocrx_word' id='word_1_202' title='bbox 365 2124 472 2172; x_wconf 87' lang='lat' dir='ltr'>Interim</span> <span class='ocrx_word' id='word_1_203' title='bbox 488 2139 520 2170; x_wconf 94' lang='lat' dir='ltr'>ne</span> <span class='ocrx_word' id='word_1_204' title='bbox 534 2121 596 2188; x_wconf 87' lang='lat' dir='ltr'>qnid</span> <span class='ocrx_word' id='word_1_205' title='bbox 610 2123 765 2172; x_wconf 82' lang='lat' dir='ltr'>festinationi</span> <span class='ocrx_word' id='word_1_206' title='bbox 784 2139 855 2172; x_wconf 85' lang='lat' dir='ltr'>meae</span> 
     </span>
     <span class='ocr_line' id='line_1_29' title="bbox 108 2188 854 2256; baseline -0.001 -17"><span class='ocrx_word' id='word_1_207' title='bbox 108 2201 201 2256; x_wconf 81' lang='lat' dir='ltr'>pereat,</span> <span class='ocrx_word' id='word_1_208' title='bbox 212 2188 284 2254; x_wconf 88' lang='lat' dir='ltr'>quod</span> <span class='ocrx_word' id='word_1_209' title='bbox 294 2208 352 2239; x_wconf 90' lang='lat' dir='ltr'>snm</span> <span class='ocrx_word' id='word_1_210' title='bbox 362 2206 480 2255; x_wconf 83' lang='lat' dir='ltr'>praesens</span> <span class='ocrx_word' id='word_1_211' title='bbox 490 2191 627 2254; x_wconf 88' lang='lat' dir='ltr'>petiturus,</span> <span class='ocrx_word' id='word_1_212' title='bbox 637 2188 684 2237; x_wconf 80' lang='lat' dir='ltr'>hee</span> <span class='ocrx_word' id='word_1_213' title='bbox 694 2190 766 2251; x_wconf 85' lang='lat' dir='ltr'>qnasi</span> <span class='ocrx_word' id='word_1_214' title='bbox 776 2206 854 2254; x_wconf 87' lang='lat' dir='ltr'>prae·</span> 
     </span>
     <span class='ocr_line' id='line_1_30' title="bbox 106 2255 856 2323; baseline -0.001 -20"><span class='ocrx_word' id='word_1_215' title='bbox 106 2258 217 2306; x_wconf 81' lang='lat' dir='ltr'>cursorie</span> <span class='ocrx_word' id='word_1_216' title='bbox 228 2258 331 2323; x_wconf 80' lang='lat' dir='ltr'>epistola</span> <span class='ocrx_word' id='word_1_217' title='bbox 341 2273 413 2321; x_wconf 81' lang='lat' dir='ltr'>rogo.</span> <span class='ocrx_word' id='word_1_218' title='bbox 425 2255 476 2305; x_wconf 86' lang='lat' dir='ltr'>Sed</span> <span class='ocrx_word' id='word_1_219' title='bbox 486 2257 556 2321; x_wconf 84' lang='lat' dir='ltr'>prins</span> <span class='ocrx_word' id='word_1_220' title='bbox 566 2257 856 2320; x_wconf 51' lang='lat' dir='ltr'>aoeipeeenssesrogans</span> 
     </span>
     <span class='ocr_line' id='line_1_31' title="bbox 106 2320 852 2390; baseline 0 -20"><span class='ocrx_word' id='word_1_221' title='bbox 106 2320 144 2373; x_wconf 87' lang='lat' dir='ltr'>di:</span> <span class='ocrx_word' id='word_1_222' title='bbox 165 2321 271 2390; x_wconf 82' lang='lat' dir='ltr'>[deinde</span> <span class='ocrx_word' id='word_1_223' title='bbox 280 2325 374 2390; x_wconf 87' lang='lat' dir='ltr'>ipsum,</span> <span class='ocrx_word' id='word_1_224' title='bbox 386 2322 456 2388; x_wconf 87' lang='lat' dir='ltr'>qnod</span> <span class='ocrx_word' id='word_1_225' title='bbox 465 2320 545 2386; x_wconf 90' lang='lat' dir='ltr'>peto.]</span> <span class='ocrx_word' id='word_1_226' title='bbox 557 2321 672 2371; x_wconf 84' lang='lat' dir='ltr'>Proxime</span> <span class='ocrx_word' id='word_1_227' title='bbox 679 2338 762 2385; x_wconf 84' lang='lat' dir='ltr'>quum</span> <span class='ocrx_word' id='word_1_228' title='bbox 773 2323 799 2368; x_wconf 92' lang='lat' dir='ltr'>in</span> <span class='ocrx_word' id='word_1_229' title='bbox 809 2339 852 2387; x_wconf 83' lang='lat' dir='ltr'>pe·</span> 
     </span>
     <span class='ocr_line' id='line_1_32' title="bbox 105 2386 854 2453; baseline -0.008 -13"><span class='ocrx_word' id='word_1_230' title='bbox 105 2392 152 2440; x_wconf 77' lang='lat' dir='ltr'>trie</span> <span class='ocrx_word' id='word_1_231' title='bbox 167 2406 224 2441; x_wconf 86' lang='lat' dir='ltr'>mee</span> <span class='ocrx_word' id='word_1_232' title='bbox 238 2390 289 2449; x_wconf 83' lang='lat' dir='ltr'>sui,</span> <span class='ocrx_word' id='word_1_233' title='bbox 307 2391 377 2439; x_wconf 82' lang='lat' dir='ltr'>venit</span> <span class='ocrx_word' id='word_1_234' title='bbox 387 2388 471 2438; x_wconf 83' lang='lat' dir='ltr'>adme</span> <span class='ocrx_word' id='word_1_235' title='bbox 481 2386 644 2437; x_wconf 78' lang='lat' dir='ltr'>salutandum</span> <span class='ocrx_word' id='word_1_236' title='bbox 654 2388 792 2453; x_wconf 84' lang='lat' dir='ltr'>municipis</span> <span class='ocrx_word' id='word_1_237' title='bbox 802 2389 854 2435; x_wconf 87' lang='lat' dir='ltr'>mei</span> 
     </span>
     <span class='ocr_line' id='line_1_33' title="bbox 104 2451 853 2523; baseline -0.008 -16"><span class='ocrx_word' id='word_1_238' title='bbox 104 2457 173 2507; x_wconf 79' lang='lat' dir='ltr'>filius</span> <span class='ocrx_word' id='word_1_239' title='bbox 183 2467 364 2523; x_wconf 79' lang='lat' dir='ltr'>praetextatus·</span> <span class='ocrx_word' id='word_1_240' title='bbox 384 2455 451 2503; x_wconf 84' lang='lat' dir='ltr'>Hnic</span> <span class='ocrx_word' id='word_1_241' title='bbox 461 2471 507 2518; x_wconf 78' lang='lat' dir='ltr'>ego</span> <span class='ocrx_word' id='word_1_242' title='bbox 519 2490 525 2511; x_wconf 93' lang='lat'>,</span> <span class='ocrx_word' id='word_1_243' title='bbox 544 2451 664 2504; x_wconf 78' lang='lat' dir='ltr'>Studes?</span> <span class='ocrx_word' id='word_1_244' title='bbox 681 2454 796 2517; x_wconf 86' lang='lat' dir='ltr'>inquam.</span> <span class='ocrx_word' id='word_1_245' title='bbox 807 2455 853 2503; x_wconf 77' lang='lat' dir='ltr'>tte-</span> 
     </span>
     <span class='ocr_line' id='line_1_34' title="bbox 104 2518 853 2588; baseline -0.004 -19"><span class='ocrx_word' id='word_1_246' title='bbox 104 2523 216 2588; x_wconf 81' lang='lat' dir='ltr'>spondit,</span> <span class='ocrx_word' id='word_1_247' title='bbox 232 2523 332 2573; x_wconf 83' lang='lat' dir='ltr'>Etiam.</span> <span class='ocrx_word' id='word_1_248' title='bbox 355 2520 406 2573; x_wconf 69' lang='lat' dir='ltr'>Vbi</span> <span class='ocrx_word' id='word_1_249' title='bbox 413 2520 428 2569; x_wconf 71' lang='lat'>2</span> <span class='ocrx_word' id='word_1_250' title='bbox 448 2519 603 2570; x_wconf 83' lang='lat' dir='ltr'>Mediolani.</span> <span class='ocrx_word' id='word_1_251' title='bbox 617 2519 669 2569; x_wconf 78' lang='lat' dir='ltr'>Gur</span> <span class='ocrx_word' id='word_1_252' title='bbox 679 2537 732 2569; x_wconf 83' lang='lat' dir='ltr'>non</span> <span class='ocrx_word' id='word_1_253' title='bbox 742 2518 806 2569; x_wconf 79' lang='lat' dir='ltr'>hic?</span> <span class='ocrx_word' id='word_1_254' title='bbox 818 2518 853 2567; x_wconf 89' lang='lat' dir='ltr'>Et</span> 
     </span>
    </p>

    <p class='ocr_par' dir='ltr' id='par_1_7' title="bbox 79 2584 852 2727">
     <span class='ocr_line' id='line_1_35' title="bbox 88 2584 852 2655; baseline -0.008 -19"><span class='ocrx_word' id='word_1_255' title='bbox 88 2599 168 2649; x_wconf 78' lang='lat' dir='ltr'>petet·</span> <span class='ocrx_word' id='word_1_256' title='bbox 176 2592 241 2655; x_wconf 66' lang='grc' dir='ltr'>οἵω,</span> <span class='ocrx_word' id='word_1_257' title='bbox 252 2587 319 2653; x_wconf 80' lang='lat' dir='ltr'>(erat</span> <span class='ocrx_word' id='word_1_258' title='bbox 329 2590 400 2639; x_wconf 85' lang='lat' dir='ltr'>enim</span> <span class='ocrx_word' id='word_1_259' title='bbox 411 2603 470 2646; x_wconf 81' lang='lat' dir='ltr'>une,</span> <span class='ocrx_word' id='word_1_260' title='bbox 480 2598 554 2653; x_wconf 82' lang='lat' dir='ltr'>atque</span> <span class='ocrx_word' id='word_1_261' title='bbox 564 2590 639 2635; x_wconf 76' lang='lat' dir='ltr'>etiam</span> <span class='ocrx_word' id='word_1_262' title='bbox 650 2588 702 2651; x_wconf 88' lang='lat' dir='ltr'>ipse</span> <span class='ocrx_word' id='word_1_263' title='bbox 712 2584 852 2633; x_wconf 77' lang='lat' dir='ltr'>adduxerat</span> 
     </span>
     <span class='ocr_line' id='line_1_36' title="bbox 79 2650 850 2727; baseline 0 -31"><span class='ocrx_word' id='word_1_264' title='bbox 79 2656 210 2721; x_wconf 78' lang='lat' dir='ltr'>orrerrrns)</span> <span class='ocrx_word' id='word_1_265' title='bbox 243 2660 320 2727; x_wconf 74' lang='lat' dir='ltr'>Quia</span> <span class='ocrx_word' id='word_1_266' title='bbox 338 2655 432 2711; x_wconf 77' lang='lat' dir='ltr'>nullos</span> <span class='ocrx_word' id='word_1_267' title='bbox 451 2654 497 2707; x_wconf 75' lang='lat' dir='ltr'>Isin</span> <span class='ocrx_word' id='word_1_268' title='bbox 515 2661 702 2725; x_wconf 79' lang='lat' dir='ltr'>praeceptores</span> <span class='ocrx_word' id='word_1_269' title='bbox 721 2650 850 2702; x_wconf 75' lang='lat' dir='ltr'>hebemus.</span> 
     </span>
    </p>
   </div>
   <div class='ocr_carea' id='block_1_6' title="bbox 0 0 950 2924">
    <p class='ocr_par' dir='ltr' id='par_1_8' title="bbox 0 0 950 2924">
     <span class='ocr_line' id='line_1_37' title="bbox 0 0 950 2924; baseline 0 4"><span class='ocrx_word' id='word_1_270' title='bbox 0 0 950 2924; x_wconf 95' lang='lat' dir='ltr'> </span> 
     </span>
    </p>
   </div>
  </div>
 </body>
</html>
