1890 2924
98 180 153 237 362
294 173 323 225 C.
340 172 470 225 PLINII
488 172 671 225 SECVNDI

97 276 131 324 tis
140 290 263 340 campum
272 283 297 322 et
308 276 409 322 comitia
427 284 579 339 prospectes,
588 273 625 320 sic
645 272 745 323 abillis
760 271 848 331 ebeete.

98 353 219 403 unquam
229 338 349 388 Dennbio
359 340 497 402 Rhenoque
508 336 643 387 dirimere!
668 338 807 389 Averseris
824 350 849 387 tn

98 406 188 455 honori
199 404 681 469 tuosperetasuffregio‚reuuntierique
688 417 715 454 te
722 406 849 455 consulem

96 474 198 521 iussisse
216 481 367 530 contentus,
387 470 483 520 liberie
498 470 605 518 civitatis
614 487 648 518 ne
661 472 850 521 simulationem

96 537 202 603 quidem
212 534 316 585 serves?
337 534 470 585 Abstineas
480 534 592 598 denique
606 536 734 597 comitiis,
750 536 849 587 ebstrn·

94 618 138 653 ιιιι
147 612 223 667 etque
233 601 333 651 abditus
344 638 350 663 ,
376 603 449 666 qussi
461 602 514 650 illic
523 601 570 649 tibi
580 618 633 649 non
645 604 798 652 consulam
807 602 850 653 de-

93 678 146 729 tor,
155 667 201 718 sed
209 666 347 731 abrogetur
355 664 511 733 imperium?
539 666 608 715 Haec
622 670 759 732 persuasio
770 684 850 735 snper·

94 732 208 783 biseimis
220 732 331 783 dominis
343 746 403 793 eret,
415 744 443 781 ut
453 733 500 779 sibi
511 731 662 781 riderentur
671 734 807 801 principes
817 751 849 783 et·

94 816 122 848 ee
132 800 256 859 desinere,
276 802 297 848 si
308 798 369 863 quid
380 801 490 847 facerent
500 810 623 861 tanquam
632 811 779 850 senatores.
798 800 849 849 Ple·

93 867 116 913 ri
136 883 167 914 ue
177 879 262 915 temen
273 882 325 913 non
346 878 398 914 tem
412 863 543 929 superbie,
559 880 638 928 quarn
653 876 733 915 metu
742 866 848 931 quodem

92 946 123 979 su
144 930 323 979 movebuntur.
350 930 393 977 An
412 942 561 995 stuprorum
578 928 628 977 sibi
644 932 848 995 incesternmqne

93 997 210 1046 noctium
221 999 322 1056 conscii,
332 998 441 1060 auspicio
452 997 578 1060 polluere¹
588 1006 724 1045 sacratum
744 1014 777 1047 ue
787 1012 847 1047 cem·

92 1078 158 1127 pum
168 1063 263 1111 nesorio
268 1060 393 1111 cuderent
400 1062 572 1110 contaminere
578 1058 711 1125 vestigio?
748 1080 782 1113 on
792 1062 846 1114 edes

93 1126 154 1175 deos
160 1127 328 1191 hominesque
335 1138 528 1184 contemserint,
536 1137 564 1173 ut
574 1126 601 1172 in
613 1126 658 1174 ille
669 1128 846 1192 spatiosissime

93 1193 154 1243 sede
169 1194 308 1241 hominum
318 1192 476 1257 deorumque
487 1193 611 1238 coniectos
623 1192 649 1238 in
659 1209 690 1241 se
701 1198 793 1245 oeulos
802 1194 845 1242 ter·

91 1275 119 1308 re
133 1275 163 1308 ec
182 1260 283 1325 perpeti
301 1269 413 1323 possent.
444 1256 502 1305 Tibi
518 1269 603 1305 contra
616 1267 642 1304 et
651 1258 800 1311 moderatio
809 1270 843 1307 ιιι

91 1325 172 1373 ettnsit
182 1359 190 1382 ,
208 1335 233 1373 et
252 1326 369 1373 sanctitas
380 1360 388 1385 ,
412 1334 441 1377 ut
450 1334 475 1372 te
484 1333 509 1373 et
517 1323 639 1386 religioni
649 1321 769 1379 deorum
778 1336 802 1376 et
809 1325 843 1375 in·

91 1388 161 1443 dictis
172 1390 310 1440 hominum
320 1388 458 1439 exhiberes.

141 1455 236 1507 thv.
256 1454 309 1504 Alii
319 1455 481 1503 consulatum
490 1465 548 1504 ente
560 1471 638 1518 quem
648 1458 807 1523 acciperent,
818 1464 839 1503 tn

91 1534 118 1571 et
137 1520 202 1572 dum
221 1523 330 1587 accipis,
360 1522 484 1569 meruisti.
517 1519 620 1569 Peracta
641 1536 721 1572 erent
739 1521 840 1572 solennis

90 1589 264 1649 comitiorum,
276 1589 298 1636 si
307 1588 456 1653 principem
466 1588 597 1650 cogitares,
609 1588 720 1651 iamque
730 1606 758 1638 te
768 1586 838 1637 omit

90 1653 165 1703 turbe
175 1665 355 1711 commoverat,
371 1662 499 1715 quinutu,
511 1651 667 1702 mirantibus
678 1656 790 1713 cunctis,
803 1666 837 1701 eo·

89 1717 157 1767 cedis
176 1719 209 1768 nil
228 1721 337 1768 consulis
357 1719 459 1766 sellam:
489 1714 649 1781 adigendum
664 1730 692 1766 te
708 1718 837 1786 praebetis

89 1786 165 1833 verbe
180 1784 339 1849 principibus
354 1787 454 1848 ignota,
476 1783 523 1833 nisi
536 1800 617 1845 quum
629 1785 720 1834 iurare
732 1790 834 1851 eogered

89 1849 162 1897 alios.
172 1850 258 1909 vides,
266 1867 343 1913 quam
353 1851 521 1897 necessarium
532 1848 608 1896 suerit
617 1852 789 1901 consulatum
797 1864 829 1899 ntt

88 1913 225 1963 recusare?
254 1915 312 1964 Non
328 1927 486 1980 putassemus
501 1913 569 1962 istud
583 1914 721 1965 facturum
732 1918 824 1967 tefuitt

89 1981 111 2028 si
121 1996 269 2027 recusasset.
299 1980 402 2044 Stupeo¹
414 1979 443 2028 P.
455 1976 495 2039 C..
505 1995 554 2028 nec
564 1978 631 2027 dum
641 1982 706 2030 sotis
717 1994 764 2031 eut
773 1980 821 2031 ocni

88 2047 153 2093 meis
163 2057 206 2094 eut
217 2045 318 2094 auribus
329 2046 418 2093 credo:
438 2056 513 2107 etque
524 2041 670 2095 identidem
681 2063 739 2108 me,
759 2067 791 2099 sn
801 2063 815 2095 ι·

90 2110 196 2171 dierim‚
212 2128 243 2158 sn
261 2109 381 2169 viderim,
402 2113 541 2173 interrogo.
561 2110 713 2174 imperator
725 2131 801 2179 ergo,

90 2176 190 2235 Caesar,
202 2189 227 2225 et
237 2175 384 2241 Augustus,
399 2174 516 2223 Pontifex
535 2177 684 2233 maximus,
705 2183 779 2229 stetit
794 2196 805 2226 ι

89 2244 219 2305 gremium
233 2240 366 2289 consulis?
386 2240 502 2305 seditque
518 2241 607 2289 consul
621 2244 749 2311 principe
761 2256 801 2296 ent

88 2307 187 2358 stante?
206 2318 230 2354 et
239 2307 306 2354 sedit
316 2307 467 2364 inturbntrts,
483 2308 622 2366 interritus,
640 2319 668 2355 et
682 2321 796 2377 tanner

89 2378 142 2425 fieri
158 2373 268 2423 soleret?
293 2373 361 2437 Quin
373 2372 447 2419 etiarn
459 2372 549 2420 sedens
559 2373 637 2420 sonti
650 2377 766 2438 praeivit
775 2378 791 2425 ir

88 2440 207 2499 randum,
223 2450 250 2491 et
258 2438 310 2487 :itte
320 2438 420 2497 inravit,
437 2438 565 2503 expressit,
578 2439 784 2510 explonnvitque

81 2509 124 2571 be,
138 2507 233 2576 quibus
242 2515 320 2572 ceput
328 2520 413 2562 strum,
426 2503 534 2551 domum
544 2520 626 2563 suern,
646 2508 669 2554 si
680 2510 772 2561 sciens

71 2581 160 2638 disset,
177 2576 293 2629 deorum
301 2572 353 2625 'trio
363 2581 525 2619 consecraret.
558 2570 672 2635 Ingens,
695 2574 776 2625 cm,

67 2668 120 2719 per
128 2651 219 2721 glorie
232 2661 290 2712 tua,
305 2646 361 2696 sive
372 2634 772 2711 iecerintistndposteoprincipe
