1890 2924
243 108 246 113 ’
307 126 641 182 unsummu.
806 132 858 185 227

95 263 165 319 quet.
191 248 315 328 Quisquis
325 249 377 310 ille,
388 248 578 327 qualiscunque,
598 247 714 310 sileatur;
724 263 803 313 quem
812 249 856 306 iu-

95 318 197 383 siguire,
208 316 317 382 exempli
327 332 378 363 uon
389 315 466 376 nihil,
486 331 539 365 non
559 315 689 380 insignire,
709 314 857 366 humaniu-

94 382 379 451 uspturimumrefere
397 380 483 432 Vale„

96 567 120 617 »je
153 550 251 603 otissa
259 549 345 611 Auiti,
361 479 629 620 eumdtuydddelingeuii
639 565 802 620 morumque.

135 635 166 686 C.
184 633 356 686 PLINIVS
381 634 667 691 MARCELLINO
690 635 765 690 SVO
792 636 821 689 S.

152 713 251 767 Omnis
263 717 329 766 mihi
347 717 440 779 studia,
456 737 546 771 omues
556 739 637 783 curas,
658 722 745 773 omasia
765 737 855 771 avoca·

99 797 188 836 menta
199 785 301 844 exemit,
312 786 430 848 excussit,
441 789 534 854 eripuit
543 787 626 849 dolor,
641 806 720 856 quem
731 803 761 837 ex
771 798 854 837 morte

99 852 171 902 Iunii
181 848 254 900 Aviti
264 852 444 915 gravissimum
455 856 522 920 cepi.
544 853 640 906 Latum
650 858 753 906 clavum
764 856 791 903 iu
802 853 853 903 do·

98 934 144 969 mo
153 936 211 967 mea
222 915 354 969 induerat:
373 922 561 986 suffragio-mea
570 921 673 973 adiutus
688 924 715 972 iu
734 919 853 986 petendis

97 984 241 1033 honeribus
251 983 346 1033 fuerat:
367 984 399 1034 sd
411 987 467 1049 boe,
483 989 517 1036 ita
528 1004 571 1037 rue
580 987 713 1054 diligetur,
734 989 768 1039 its
779 1003 853 1039 vere·

97 1049 183 1111 batur,
203 1062 284 1100 utute
294 1051 431 1101 formatore
441 1070 553 1114 merum,
575 1071 618 1104 me
638 1057 708 1120 quasi
731 1056 852 1120 magistro

99 1128 226 1167 uteretur.
252 1117 349 1167 Rarum
368 1117 418 1168 hoe
436 1118 646 1170 adolescentibus.
659 1123 760 1171 nostris.
784 1120 852 1171 Num

99 1185 304 1250 quotusquisque
321 1184 449 1234 reluctati
464 1185 575 1247 alterius,
594 1186 804 1245 vel—auetoritati
823 1196 853 1234 ut

97 1253 194 1310 miuor,
215 1249 302 1301 cedit?
329 1249 423 1301 Statim
433 1253 541 1314 sapiunt,
552 1254 637 1302 statim
645 1255 730 1301 sciunt
748 1253 852 1301 omnia:

97 1318 232 1367 nemiuem
251 1330 380 1378 verentur,
401 1319 531 1367 imitentur
549 1319 689 1378 nemiuem,
711 1327 785 1383 atque
804 1318 852 1383 ipsi
930 1314 940 1323 “

98 1386 147 1434 sibi
158 1386 272 1451 exemplu
282 1397 351 1434 suut.
379 1381 609 1436 seleon-Avitus:
628 1387 701 1434 euius
711 1384 853 1450 haeeprse·

87 1453 174 1517 geipua
183 1451 338 1519 prudentis,
349 1449 418 1516 qued
429 1452 491 1500 ulios
512 1452 689 1518 prudentiores
709 1450 852 1501 arbitraba·

100 1529 157 1580 tur,
177 1517 239 1568 baec
251 1520 334 1586 praeci
355 1536 387 1569 ua
402 1519 523 1579 eruditio,
545 1518 615 1584 quod
624 1517 720 1568 discere
740 1517 851 1569 volebat.

99 1580 211 1651 Semper
221 1587 263 1635 'dle
273 1600 317 1636 eut
345 1603 358 1634 e
367 1587 457 1635 studiis
467 1587 574 1652 aliquid,
593 1597 637 1636 aut
646 1585 679 1635 de
690 1584 853 1635 officiis-ritae

99 1653 260 1702 consulebat:
277 1670 379 1719 semper
387 1655 420 1703 ita
430 1654 572 1714 recedebat,
582 1664 612 1703 ut
619 1654 715 1703 melior
724 1652 816 1703 faetus:
827 1663 853 1702 et

100 1720 243 1769 erstsactus
253 1721 293 1769 vel
309 1736 347 1780 eo,
363 1719 432 1783 quod
451 1719 576 1781 audierat,
595 1722 638 1771 vel
657 1717 724 1786 quod
745 1719 852 1770 omniuo

100 1788 252 1849 quaesierat.
271 1785 349 1851 Quod
360 1789 404 1836 ille
415 1787 567 1852 obsequium
578 1787 711 1849 Serviano,
723 1789 852 1839 exactissi-

99 1867 146 1901 mo
156 1854 229 1910 viro„
239 1851 374 1919 praestitit!
392 1871 471 1918 quem
488 1856 601 1919 legatum
612 1856 728 1907 tribunus
738 1856 771 1904 its
780 1864 805 1903 et
813 1854 852 1904 iu·

100 1919 207 1978 tellesit,
218 1932 244 1969 et
253 1922 327 1985 cepit,
338 1932 366 1969 ut
376 1937 406 1969 ex
413 1921 552 1972 Germanis
563 1925 589 1971 iu
596 1920 754 1972 Penuouism
759 1932 854 1971 usust·

100 1995 198 2045 nutem,
214 2005 266 2035 uon
286 1998 316 2035 ut
330 1989 478 2047 commilito,
497 1986 581 2037 sedut
600 2004 685 2039 comes
703 1987 854 2037 adsectator-

100 2067 151 2116 que
160 2065 316 2116 sequeretur.
335 2056 395 2118 Qus
404 2055 536 2113 industrie,
545 2072 594 2118 qua
604 2053 725 2104 modestia
736 2066 854 2119 quaestor

100 2119 252 2168 oonsulibus
262 2119 314 2168 suis
335 2121 370 2182 (et
382 2123 469 2185 plures
480 2120 580 2186 habuit)
600 2139 651 2170 uon
664 2122 749 2172 minus
761 2110 854 2171 i‘ueuu·

102 2182 151 2234 dus
162 2196 188 2233 et
197 2199 292 2251 gratus,
305 2203 383 2251 quam
392 2187 450 2234 usui
461 2185 523 2235 fuit!
541 2189 600 2253 Quo
609 2184 740 2250 discursu,
753 2203 804 2252 qua
815 2189 854 2237 ri·

101 2252 214 2317 g'dautia,
233 2252 300 2300 hane
309 2253 390 2318 ipsam
401 2252 563 2312 aedilitatem,
582 2255 623 2304 cui
642 2267 788 2322 praereptus
809 2264 854 2314 est,

100 2317 186 2383 petiit!
204 2317 282 2382 Quod
293 2321 334 2369 rel
351 2320 464 2369 maxime
476 2319 591 2370 dolorem
610 2337 704 2372 meum.
717 2320 853 2369 eauleerat.

102 2376 279 2435 Obversantur
289 2386 367 2434 oeulis
378 2387 439 2435 essai
450 2387 556 2444 labores,
576 2398 602 2435 et
611 2389 780 2436 infrustuosae
790 2399 853 2450 pre-

99 2448 148 2511 ees,
160 2462 186 2500 et
198 2450 280 2501 bonor
290 2468 367 2516 quem
378 2453 471 2502 meruit
481 2464 587 2502 tantum·
606 2452 682 2503 Redit
700 2451 787 2499 auimo
806 2448 851 2499 ilts

99 2518 164 2566 latus
176 2518 262 2566 clavus
276 2521 304 2567 ira
314 2519 446 2584 penatibus
461 2523 525 2568 meis
539 2528 658 2567 sumtus:
679 2514 788 2566 redeunt
806 2514 851 2565 itta

100 2585 190 2649 prima,
203 2585 247 2633 illa
258 2597 385 2648 postrema
395 2588 470 2635 suffra
489 2587 513 2634 ia
523 2580 862 2650 mea,iliisermuues,ibbst
898 2622 914 2635 .

97 2651 305 2717 eomuitats'oues.
333 2648 450 2703 Addicior
459 2603 754 2769 afflulesuaut'qqiqs'sus,
767 2644 881 2695 Μ
893 2686 903 2733 4
