1890 2924
308 202 311 208 .
362 161 492 219 ΕῬΙ8Τ.
505 165 563 220 Ἠ.
701 186 706 191 ·
792 169 847 229 125

91 270 154 318 rim.
165 266 275 319 'ldeilioe
285 267 329 317 ille
339 284 412 334 egros
421 279 499 327 secut,
511 269 617 317 narium
629 265 737 334 patient,
747 280 847 317 omnes·

91 352 143 400 que
153 335 243 401 fruges
252 333 358 384 derelrit
365 336 394 383 in
405 335 504 394 urbem,
515 333 847 396 lriemedumtaxetetrete5

91 413 186 450 aestate
198 401 362 461 submittitur,
373 403 544 464 immensique
553 401 845 450 fluminisuomeuereu·

92 469 113 515 ti
125 469 199 515 alueo
205 465 309 526 deserit,
322 479 469 516 nuotnmo
483 469 598 514 resumit.
633 469 755 533 Msgnam
764 468 847 532 capiet

91 533 265 598 voluptatem.
285 535 307 582 si
326 533 395 582 lrunc
414 534 526 596 regionis
543 534 625 581 situm
642 548 672 580 ex
686 546 850 599 moutepro-

89 603 216 663 spexeris.
244 600 335 664 Neque
353 600 423 647 enim
440 610 518 647 terras
533 600 595 659 tibi,
605 597 659 648 ἰαὶ
670 599 848 648 -lormemuli-

91 674 187 728 quanm·
200 664 232 713 ad
243 667 364 715 eximiam
373 663 591 730 pulchritudinem
602 664 847 731 pictam-videberis

91 746 204 778 cernere.
215 729 384 790 Eavarietrte,
395 747 424 778 eu
435 729 614 796 descriptione,
620 747 775 794 quocunque
784 732 848 779 inci·

91 796 177 846 derint
188 798 255 844 oculi
266 832 273 856 ‚
288 798 445 845 reficiuntur.
470 795 539 845 Villa
551 799 577 846 in
588 799 653 846 colle
663 799 716 845 imo
726 800 773 845 sita
784 813 848 861 pro·

90 863 165 927 spicit
177 864 289 926 quati-ex
298 877 415 910 summo:
424 864 473 911 tu
483 866 573 911 leniter
584 876 609 913 et
619 864 713 912 sensim
724 864 790 911 cliro
800 861 847 910 fal·

91 929 161 976 lente
173 929 312 991 consurgit,
319 939 358 986 ut,
370 944 451 991 quum
460 927 614 977 adscendere
623 946 675 977 nou
685 941 768 992 putet,
788 943 847 976 sen·

91 993 320 1044 uassdnnndine.
354 993 461 1058 Atcrgo
480 993 658 1058 Apenninum,
678 994 725 1043 secl
744 995 846 1057 longius

91 1058 178 1108 habet.
205 1059 307 1126 Accipit
315 1058 349 1108 ub
358 1059 408 1107 lroc
417 1076 490 1113 aurae
501 1062 642 1123 quemlibet
650 1071 775 1108 teronoet
784 1058 845 1124 plo-⁴·

91 1123 152 1174 cido
162 1124 220 1187 die,
240 1142 293 1177 nou
304 1139 389 1174 tamen
399 1140 468 1174 acres
479 1137 503 1174 et
510 1124 681 1185 immodicas,
701 1124 747 1175 sed
765 1127 845 1190 spatie

90 1193 265 1256 iptolusstset
273 1192 399 1240 inlrrctas.
411 1192 505 1257 Magna
515 1195 554 1240 sui
564 1204 634 1256 perte
645 1190 846 1255 meridiem-spe-

91 1268 151 1319 ctat,
162 1268 339 1322 securumque
349 1257 430 1305 solem
440 1257 471 1305 ab
481 1258 542 1305 bora
551 1269 620 1306 sexta
629 1286 642 1315 ‚f
652 1256 790 1305 hibernum
799 1257 846 1305 ali·

91 1334 188 1389 quanto
198 1325 332 1382 maturius,
349 1325 419 1388 quasi
426 1325 519 1371 'invitat'
529 1326 557 1372 in
568 1324 696 1388 porticum
706 1325 783 1371 latam
792 1355 801 1379 ‚
820 1332 846 1370 ct

89 1407 140 1456 pro
150 1388 229 1437 modo
238 1393 353 1454 longam.
371 1388 452 1438 Multa
463 1391 489 1436 in
501 1389 548 1437 laec
559 1387 688 1449 membra3
706 1389 799 1435 atrium
809 1398 846 1434 et·

92 1457 146 1506 iam
157 1472 189 1505 ex
199 1471 271 1504 more
277 1467 403 1505 veterum.
420 1454 487 1502 Ante
498 1457 626 1519 porticum·
635 1464 720 1519 xystus
731 1454 845 1502 contient

92 1523 121 1572 lu
129 1523 255 1587 plurimas
265 1524 370 1587 species,
382 1522 564 1583 distinctusque
575 1519 656 1578 buxo3
671 1518 797 1567 demissus
806 1518 846 1567 in-

90 1586 126 1637 de
134 1604 282 1653 pronusque
292 1589 422 1653 pul-vinus,
434 1589 473 1636 cui
484 1586 622 1635 bestiarum
632 1584 726 1650 effigies
735 1585 846 1635 inuicem

93 1653 209 1704 adversas
224 1653 308 1703 buxus
317 1656 456 1719 inscripsit.
483 1652 616 1702 Acanthus
626 1655 652 1700 in
662 1654 739 1718 plano
750 1652 845 1710 mollio,

89 1733 128 1778 et,
139 1738 220 1786 pteuc
231 1719 349 1781 dixerim,
359 1720 480 1784 liquidus.
508 1719 596 1769 Ambit
610 1720 686 1769 -bunc
706 1716 845 1768 ambulatio

91 1788 187 1854 pressis
199 1789 315 1851 rarisque
326 1789 404 1835 tonsis
415 1785 539 1836 viridibus
550 1789 658 1835 inclusa:
675 1785 707 1835 ab
713 1785 754 1834 bis
763 1797 846 1850 gest·-

91 1855 128 1903 tio
139 1855 167 1901 in
178 1851 286 1902 modum
296 1854 364 1912 circi,
375 1871 439 1916 quae
450 1856 545 1903 buxum
557 1852 750 1910 multiformem,
762 1850 846 1902 humi·

89 1919 181 1983 letque
192 1930 216 1967 et
225 1929 334 1968 retentas
344 1937 421 1968 manu
433 1920 579 1970 arbusculae
594 1921 721 1970 circumit.
750 1918 847 1968 Omuit

93 1988 201 2036 maceria
273 1987 373 2035 iuntur:
384 1986 449 2034 lranc
458 1985 562 2050 gradata
571 1987 654 2036 bunut
662 1988 744 2053 operit
753 1986 848 2034 etsub-

92 2051 181 2101 trabit.
276 2068 301 2109 m
312 2052 436 2101 iude-non
446 2056 531 2102 minus
542 2065 723 2117 numnquam
732 2053 848 2118 superio·

92 2134 121 2167 ra
131 2118 175 2167 illa
185 2112 414 2178 arte',·'t'isendum:·
423 2122 507 2184 campi
518 2118 611 2168 deinde
621 2137 705 2185 porro,
715 2120 848 2183 multaque

92 2184 145 2234 alis
153 2197 225 2248 prata
235 2196 260 2233 et
270 2184 380 2234 arbusta.
410 2184 434 2233 A
443 2187 524 2251 capite
534 2189 644 2251 porticus
655 2186 797 2235 triclinium
806 2201 848 2232 ex-

92 2256 186 2300 currit:
199 2252 277 2299 ralris
287 2263 394 2316 xystum
404 2251 573 2312 desinentem,
584 2264 608 2300 et
615 2254 729 2318 protinus
735 2262 845 2318 pratum,

92 2320 260 2381 multumque
271 2321 345 2378 ruris,
356 2316 427 2366 ridet
437 2318 559 2368 fenestris.
587 2319 641 2368 Hac
651 2321 717 2369 latus
726 2320 800 2385 xysti,
820 2328 847 2364 et

90 2384 161 2448 quod
172 2383 271 2449 prosilit
281 2384 366 2443 villae,
378 2384 424 2433 hac
434 2385 570 2433 adiacentis
582 2385 744 2451 hippodromi
753 2397 843 2432 nemus

89 2465 228 2515 comasque
247 2462 399 2515 prospectat.
425 2451 518 2500 Contra
530 2451 642 2500 mediam
652 2452 704 2500 sere
713 2453 842 2515 porticum

89 2516 173 2566 diaeta
184 2518 302 2581 paullum
318 2515 425 2578 recedit3
445 2521 527 2581 cingit
546 2519 670 2575 areolam,
691 2533 755 2580 quae
777 2532 843 2578 qua·

87 2594 149 2633 tuor
159 2583 267 2648 platanis
280 2583 450 2632 inumbratur.
480 2583 549 2633 lnter
560 2584 606 2634 lias
619 2581 853 2634 utarmoreoldoro

88 2665 153 2714 equa
172 2647 293 2714 exundat,
314 2651 547 2723 circumiectasque
558 2654 695 2724 platanos,
712 2647 874 2700 cremnon
