1890 2924
256 87 387 186 mur.
412 129 517 185 xvu.
536 120 659 186 llVllI.
779 144 832 201 189

75 255 128 288 non
140 236 253 303 poenitet
266 251 309 284 me
329 229 520 283 consuetudinis
535 251 619 296 mese,
640 253 718 302 quem
728 237 832 288 utilissi-

74 322 148 355 mum
167 306 295 370 experior:
316 301 430 366 adeoque
451 318 505 350 non
523 300 653 352 deterreor
662 307 834 356 sermunculis

74 373 194 427 istorum,
212 381 242 418 ut
250 369 318 418 ultro
332 381 355 417 te
363 385 465 432 rogem,
486 381 614 422 monstres
634 370 743 436 aliquid,
763 373 833 437 quosl

73 437 115 488 his
126 434 230 486 addem-
259 435 331 485 Nihil
342 437 410 483 enim
420 450 496 482 curre
506 450 579 484 mete
588 439 649 487 setis
658 448 705 486 est.
732 432 833 504 Cogito,

74 522 156 570 quam
166 505 199 552 sit
208 518 344 567 maguum.
361 499 422 550 dure
431 499 531 565 aliquid
541 502 569 551 in
579 519 673 553 munus
681 503 834 554 hominum·

73 586 123 621 uec
133 568 288 640 persuadere
298 568 362 617 mihi
373 583 487 633 possum,
510 583 572 630 non,
584 581 679 619 etcum
689 571 788 629 multis,
807 583 834 619 ot

73 653 150 703 saepe
162 634 333 695 treetnndum,
354 632 425 702 quod
432 635 570 700 pincereet
584 635 686 703 temper
702 649 727 688 et
743 639 832 688 omni-

72 703 230 770 buscupias.
258 701 332 753 Vele-

407 800 502 856 XVlll.

76 869 196 922 Caninio
206 878 324 938 rogatus
334 869 443 930 tundet,
459 879 499 931 ut,
520 885 604 941 quam
616 869 791 923 comen-sibus
802 883 832 919 m

144 936 252 1006 epulum
256 938 407 1002 pecuniam
411 939 590 1004 promiserat,
600 940 644 991 ira
653 940 790 1006 disponat,
801 945 834 986 tit
888 970 894 981 .

145 1006 205 1072 ipse
216 1021 295 1054 ruam
304 1004 333 1053 iu
344 1003 477 1054 alimenta
487 1023 680 1077 ingenuorum.

153 1087 185 1137 C.
210 1085 373 1138 PLINIVS
404 1088 582 1142 CANlNIO
612 1086 693 1139 SVO
725 1087 754 1140 S.

125 1169 259 1219 Deliberas
270 1187 383 1232 mecum,
393 1170 617 1237 quemadmodum
625 1173 742 1236 pecunia,
753 1187 832 1235 quem

60 1236 251 1302 municipibus
264 1240 356 1286 nostris
367 1239 392 1286 in
403 1239 512 1304 epulum
526 1236 650 1296 obtulisti,
669 1247 728 1302 post
737 1248 761 1284 te.
770 1254 833 1301 quo·

73 1321 127 1370 que
137 1306 206 1353 selvo
217 1305 259 1352 sit.
279 1304 391 1352 Honeste
402 1304 562 1364 consultatio,
577 1320 631 1351 uon
641 1319 672 1354 ex
693 1300 760 1352 edite
770 1318 835 1353 ten-

72 1371 164 1420 tentis.
193 1370 320 1420 Numeres
331 1371 486 1435 reipublicae
496 1366 646 1419 summam?
707 1370 835 1423 erendum

74 1449 122 1498 est,
133 1454 165 1485 ne
174 1435 309 1487 dilabatur.
321 1436 373 1485 Des
383 1455 396 1485 a
429 1436 474 1486 us?
487 1436 529 1484 »Ut
538 1437 835 1501 prrbllci,„uegligentur.

73 1503 206 1569 Equidem
216 1501 280 1552 nihil
291 1453 452 1557 commodius
462 1503 574 1561 invenio,
591 1518 673 1566 quem
694 1501 765 1566 quod
780 1506 835 1570 ipse

78 1570 135 1620 leci.
164 1569 231 1618 Nam
241 1586 288 1636 pro
306 1569 454 1633 quingentis
469 1566 587 1617 millibus
597 1584 747 1631 nummum,
769 1587 835 1636 quae

81 1637 104 1686 'n
114 1637 237 1686 elimenta
248 1638 420 1702 ingenuorum
431 1637 608 1702 promiseram,
619 1651 711 1700 ugrum
721 1652 751 1686 ex
761 1638 834 1694 meis,

88 1716 156 1767 onge
166 1704 258 1769 pluris,
275 1703 353 1751 sutori
363 1704 468 1769 publico
479 1702 638 1766 mancipavi:
661 1701 774 1752 eundem
790 1721 836 1755 ve-

91 1769 164 1836 tigrli
174 1768 291 1835 imposito
301 1771 392 1834 recepi,
416 1771 510 1818 tricena
522 1769 604 1818 millis
624 1786 707 1819 enuua
719 1769 834 1822 daturus.

94 1840 127 1886 'er
137 1834 186 1884 lroc
201 1835 271 1884 euim
287 1847 312 1883 et
320 1835 474 1902 reipublicae
486 1852 539 1883 sors
556 1837 656 1890 intuto,
678 1854 725 1886 nee
735 1839 834 1890 reditur

99 1913 196 1960 icertus,
208 1913 232 1950 et
241 1917 302 1966 eger
312 1904 479 2019 ipsepropter
491 1899 526 1964 id,
550 1901 620 1965 quod
632 1905 748 1970 vectigali
764 1907 836 1970 lsrgs

103 1971 244 2035 percurrit,
256 1983 358 2034 semper
387 1970 515 2026 ominum,
532 1984 546 2014 e
557 1984 607 2032 quo
619 1980 781 2030 exercentur‚‘
793 1973 830 2019 in·

109 2036 171 2091 niet.
192 2035 246 2084 Nec
258 2035 358 2100 ignoro,
368 2052 411 2084 me
423 2037 482 2101 plus
495 2035 635 2098 eliquanto,
653 2053 731 2100 quam
741 2036 834 2086 dones-

112 2099 210 2162 videor,
221 2102 372 2164 emgavisse,
382 2117 464 2166 quum
473 2100 642 2166 pulcherrimi
653 2105 708 2166 agri
719 2107 833 2169 pretium

115 2170 212 2218 'ressitas
221 2167 353 2233 vectigalis
370 2168 509 2229 infregerit.
541 2165 594 2215 Sed
611 2181 711 2232 oportet
726 2172 833 2235 priveris

119 2233 229 2284 l'rtntibus
244 2234 369 2300 publices,
389 2232 541 2282 mortalibus
557 2246 670 2284 aeternos
690 2237 833 2296 anteferre;

123 2302 212 2366 ltoque
223 2301 369 2413 ‘ludentia'
380 2300 481 2348 muneri
491 2317 537 2350 suo
547 2301 689 2363 considere,
705 2319 783 2365 quam
794 2300 832 2349 l'r·

130 2368 223 2419 stibus.
277 2369 326 2416 ale.
