1890 2924
150 167 204 225 138
369 157 401 211 G.
421 155 555 214 PLINII
571 152 644 208 LIB.
661 164 695 214 V.

147 346 264 398 Mortem
272 257 586 457 Fundanipiliqedtiget,
606 350 634 391 et
642 339 848 405 Marcellinum,
868 354 897 394 ut

210 419 315 478 patrem
324 424 404 459 coneo
418 417 487 469 etur,
498 416 607 468 monet„

138 549 142 555 .
194 508 226 561 C.
242 508 414 561 PLINIVS
432 504 713 561 MARCELLINO
731 506 813 558 SVO
829 508 857 564 S.

195 592 369 642 TristiuImus
379 591 441 641 baec
451 590 497 642 tibi
507 588 598 639 scribo.
622 591 743 640 Fundani
759 594 839 640 nostri
850 593 897 640 fiiis

145 661 231 710 minor
241 671 280 709 est
289 659 420 709 defuneto:
440 674 489 721 qua
500 656 587 721 puelia
598 657 664 704 nihil
673 673 789 720 uuquam
798 657 897 708 festivi-

145 731 184 787 us,
200 724 343 784 amabilius,
359 738 407 777 uec
415 721 494 772 modo
504 723 620 786 longiore
631 723 689 781 vita,
700 721 746 771 sed
757 739 838 788 prope
848 725 898 772 iro-

135 792 304 850 ‘monalium
324 786 498 854 digniusvidi.
518 787 641 836 Nondum
652 804 732 836 annos
742 789 897 853 quatuordffi

143 860 196 907 eim
206 857 368 920 impleverat,
381 865 406 903 et
414 856 466 903 ism
476 853 514 902 illi
524 854 598 904 anilis
607 854 751 918 prudentia,
766 864 897 925 npstrona·

143 922 176 972 lu
187 923 371 986 gravitatem:
390 930 512 969 ettamen
521 920 632 971 suavitas
641 920 762 985 puellaris
772 936 834 970 euru
843 923 897 970 vir-

143 985 224 1054 ginali
233 987 395 1036 verecundia·
404 986 442 1038 Vt
450 984 493 1034 illa
502 986 584 1050 patris
590 984 731 1034 oerrioibus
741 984 898 1036 inhaerebat!

143 1062 175 1101 ut
183 1066 231 1101 nos
240 1055 335 1103 aruioos
344 1061 644 1117 paternosetamauteret
654 1051 770 1101 modeste
782 1054 895 1119 eomple-

142 1115 271 1167 etebaturi
289 1129 318 1166 ut
327 1118 448 1177 nutrices,
457 1127 487 1167 ut
495 1115 665 1182 paedagogos,
676 1127 706 1166 ut
714 1129 896 1184 praecepwres,

143 1190 193 1251 pro*
201 1200 248 1233 suo
262 1200 393 1250 quemque
408 1181 505 1239 officio,
519 1178 655 1248 diligebat!
675 1183 763 1247 Quam
777 1182 896 1243 studione,

144 1262 224 1316 quam
234 1246 407 1315 intelligenter
416 1246 556 1298 lectitabat!
580 1260 609 1297 ut
628 1263 703 1314 parce
722 1247 897 1315 custoditeque

142 1314 263 1367 ludebat!
281 1317 339 1384 Qua
349 1318 393 1366 illa
402 1315 581 1380 temperantia,
591 1331 641 1378 qua
652 1315 783 1379 patientia,
800 1333 852 1379 qua
862 1327 897 1364 et·

143 1385 197 1434 i'sm
208 1385 347 1433 maruntii
354 1381 517 1433 novissimam
528 1378 702 1429 valetudinem
713 1380 784 1430 tulit!
811 1380 897 1432 Medi·

102 1476 105 1482 ·
143 1449 245 1501 cieobse
283 1444 897 1512 ebetumororem,pauemedbortobaturipsam·

143 1531 231 1581 quere
262 1517 390 1567 estitutam
401 1513 514 1627 corporis
529 1514 568 1560 sui
583 1511 692 1571 viribus,
711 1507 798 1577 vigori
819 1512 896 1563 animi

143 1581 292 1632 sustinebat.
322 1580 435 1631 Duravit
462 1581 485 1627 ie
495 1580 534 1628 iili
544 1594 624 1643 usque
633 1580 668 1628 ad
678 1590 832 1639 extrenum,
852 1592 897 1629 nee

144 1657 190 1696 aut
199 1648 281 1712 spatio
292 1647 462 1724 valetudinis,
479 1655 525 1694 eut
534 1657 606 1722 npetu
615 1645 706 1693 mortis
716 1645 838 1694 infractus
848 1656 895 1704 est;

144 1709 896 1841 iiiiiiuiuitis,iiiiiizii‘siiuti
941 1764 943 1829 f

143 1858 161 1891 o
170 1853 253 1891 morte
262 1843 315 1908 ipsa
323 1840 415 1892 mortis
424 1854 526 1908 tempus
537 1839 679 1906 indignius!
704 1841 760 1889 lum
774 1841 895 1892 destinata

144 1909 310 1975 'etet'egregio
319 1908 422 1969 iuveni,
433 1908 486 1957 iam
496 1908 592 1955 electus
602 1909 751 1971 nuptiarum
760 1908 827 1968 dies,
847 1911 896 1958 iam

142 1982 191 2023 tros
200 1976 289 2024 vocati.
298 1973 376 2040 Quod
387 1970 512 2038 gaudium
522 1988 574 2035 quo
583 1988 698 2020 moerore
708 1984 839 2024 mutatum
849 1971 895 2022 eet!

143 2039 204 2090 Non
212 2055 317 2106 possum
327 2041 473 2105 exprimere
485 2036 582 2098 verbis,
603 2049 729 2101 qruutum
741 2041 827 2088 animo
835 2040 895 2089 vul-

133 2121 193 2154 'nue
213 2108 369 2171 acceperim,
394 2116 476 2170 quum
486 2101 573 2152 audiri
582 2103 740 2153 Fundanum
751 2106 838 2170 ipsum
858 2104 896 2167 (ιιι

143 2172 227 2220 muita
235 2172 348 2221 luctuosa
359 2170 433 2219 dolor
442 2169 553 2236 invenit)
561 2171 770 2234 praceipientem,
791 2170 861 2235 quod
869 2173 895 2218 ln

142 2246 233 2297 vestes,
246 2235 397 2304 margarita,¹
406 2253 530 2302 gemmas,
544 2236 628 2284 suerat
636 2246 792 2300 erogaturus,
812 2237 861 2287 iroe
870 2239 894 2285 iu

145 2302 221 2354 thure
232 2314 258 2352 et
268 2314 399 2368 unguenta
411 2314 437 2351 et
446 2304 536 2353 odores
547 2301 749 2366 impenderetur.
772 2305 820 2352 Est
838 2304 896 2369 qui·

146 2367 206 2418 dem
216 2371 260 2420 ille
270 2368 384 2419 eruditus
395 2380 420 2418 et
429 2371 536 2435 sapiens,
547 2380 576 2416 ut
586 2368 630 2430 qui
641 2384 668 2414 se
678 2366 709 2416 ab
719 2368 896 2419 ineunteaeta-

147 2449 173 2484 te
183 2435 316 2487 altioribus
326 2435 415 2485 studiis
431 2434 578 2498 artibusque
594 2431 732 2482 dediderit:
764 2432 810 2483 ted
829 2448 897 2484 urtuu

148 2506 243 2563 omnia,
256 2520 319 2567 quae
330 2502 412 2552 audiit
421 2518 503 2565 saepe,
517 2514 580 2562 quae
591 2497 664 2557 dixit,
675 2511 835 2563 aspernetur;
855 2518 896 2550 ex·

136 2569 277 2634 pulsisque
288 2569 425 2620 virtutibus
436 2568 498 2624 aliis,
515 2565 614 2630 pietatis
625 2576 662 2613 est
671 2576 747 2615 totus.
771 2566 896 2632 Ignoscet,

128 2634 252 2687 laudabis
263 2639 358 2700 etiam,
377 2639 397 2688 si
409 2633 571 2704 cogitaveris,
589 2628 777 2697 quidamiserit.
806 2633 897 2684 Amisit
