1890 2924
286 157 417 211 Evtsv.
434 152 512 209 Xlll·
529 148 604 205 xlv·
740 156 820 305 ff

70 259 177 315 imicitia
187 270 242 309 tur:
252 261 323 308 cuius
332 275 385 308 ease
395 272 456 306 eum
465 258 579 324 usquein
590 256 708 308 intimam
715 253 739 304 la

70 334 167 380 ritatem
176 343 303 394 capacem,
314 343 364 389 quo
376 327 457 388 magis
467 328 551 386 scires,
561 325 672 374 breviter
680 322 727 371 tibi
732 318 822 380 studia.

70 412 159 453 mores,
170 410 277 442 ornnem
287 390 397 456 denique
408 393 485 440 vitam
497 393 550 441 eius
560 391 679 458 expressi.
696 387 824 439 Extende·

70 479 121 511 rem
132 477 227 528 preces,
238 461 287 508 nisi
297 471 323 508 et
332 470 360 507 tu
370 458 457 521 rogari
463 457 508 507 diu
518 460 609 518 nolles,
621 468 646 505 et
656 472 704 516 ego
716 467 768 504 tota
777 455 825 505 bac

70 529 173 596 epistola
184 527 309 574 fecissem.
324 522 406 590 Rogat
415 525 486 573 euim
496 525 633 590 etquidem
644 523 824 581 efficacissime,

70 597 111 663 qui
120 591 207 645 reddit
216 608 315 643 caussas
324 589 441 658 rogandi.
461 592 535 644 Vale.

70 758 280 814 θαιέιιιιινίναῖιι
289 688 825 825 ωωωοῖὶῖιίοἱεεσωιιὶἰψνᾷωιαωι

132 830 265 896 queritur.

167 907 199 959 C.
215 907 388 960 PLINIVS
406 901 581 961 ulmo
599 907 680 959 SVO
699 908 728 959 S.
808 966 810 970 v

116 990 218 1041 Verum
228 991 351 1059 opinaris:
366 989 505 1057 distringor
519 993 743 1044 centumviralibus
753 998 825 1041 caua-

70 1061 107 1117 tis.
127 1075 194 1123 quae
204 1074 246 1106 me
265 1069 381 1108 exercent
400 1061 490 1124 magis,
513 1078 590 1126 quarn
602 1060 737 1110 delectant.
757 1059 826 1109 Sunt

70 1129 139 1176 enim
148 1128 283 1192 pleraeque
297 1140 389 1191 parvae
400 1135 425 1172 et
435 1127 523 1176 eriles.
536 1128 600 1178 liaro
610 1126 702 1177 incidit
714 1128 756 1175 vel
766 1141 824 1191 per-

70 1208 190 1242 sonarum
209 1194 322 1241 claritate
342 1192 384 1240 vel
403 1195 498 1257 negotii
517 1193 698 1261 magnitudine
709 1191 824 1256 iusignia.

70 1257 107 1308 lit
118 1259 175 1318 boc,
187 1260 314 1325 perpauci,
325 1274 385 1307 cum
395 1258 487 1323 quibus
498 1262 569 1310 iuvet
577 1259 673 1309 dicere:
695 1260 769 1306 ceteri
779 1273 825 1304 au·

70 1323 150 1386 laces,
170 1336 246 1388 atque
266 1327 341 1375 etiarn
352 1342 445 1390 magua
461 1343 490 1375 ex
500 1337 571 1392 parte
582 1323 765 1376 adolescentuli
775 1321 825 1369 ob-

70 1393 133 1441 scuri
144 1391 176 1441 ad
187 1388 384 1441 declamandum
395 1392 446 1440 liuc
461 1404 602 1449 transeunt,
620 1403 672 1439 tatu
681 1391 823 1438 irreveren-

70 1471 105 1507 ter
114 1470 143 1506 et
152 1469 256 1518 temere,
276 1470 306 1506 ut
316 1459 379 1507 milri
389 1456 497 1508 A-ttilius
508 1469 593 1507 noster
603 1473 720 1522 expresse
729 1453 824 1504 ‹lixiase

70 1523 196 1584 videatur,
208 1526 245 1573 sic
255 1526 282 1573 in
297 1527 355 1573 loro
368 1542 460 1590 pueros
470 1544 484 1573 a
495 1523 722 1574 centumviralibus
731 1524 826 1572 caussis

70 1592 198 1657 suspicari,
218 1604 248 1641 ut
257 1591 288 1641 ab
302 1592 413 1641 Homero
424 1593 451 1640 iu
461 1592 565 1643 acholio.
583 1591 651 1641 Nam
662 1589 703 1639 bio
714 1605 825 1656 quoque,

70 1670 95 1707 nt
104 1658 168 1715 illic,
188 1658 303 1722 primum
315 1660 400 1723 coepit
411 1674 472 1717 esse,
493 1656 562 1724 quod
572 1659 714 1709 maxirnurn
725 1669 770 1708 est.
789 1655 825 1707 At
909 1700 912 1705 .

70 1724 171 1774 bereule
181 1736 239 1772 ante
259 1726 409 1773 memoriam
423 1741 516 1783 meam,
540 1726 585 1787 (ita
596 1726 705 1775 maiores
714 1736 776 1774 natu
786 1741 826 1773 so·

70 1793 120 1841 lent
128 1789 229 1856 dicere)
238 1808 271 1840 ne
281 1788 448 1840 nobilissimis
459 1792 564 1857 quidem
574 1792 778 1843 adolescentibus
787 1792 826 1840 lo-

70 1876 111 1923 ona
121 1869 185 1920 erat,
196 1858 246 1905 nisi
258 1856 342 1923 aliquo
353 1858 478 1923 consulari
488 1858 658 1925 producente:
671 1871 738 1911 tanta
749 1876 824 1909 reue·

70 1927 162 1977 ratione
173 1922 380 1990 pulcherrimum
389 1940 452 1989 opus
463 1925 599 1975 colebatur.
618 1924 703 1988 Nunc,
712 1925 827 1975 refractis

70 1989 172 2059 pudoris
182 2002 209 2040 et
226 1992 380 2041 reverentiae
397 1992 519 2052 clausuris,
539 1993 624 2041 omniu
635 2004 723 2059 patent
738 1993 827 2041 omui-

70 2062 125 2121 bus3
141 2073 192 2106 nec
202 2055 370 2114 inducuntur,
386 2059 430 2108 sed
439 2061 597 2125 irrumpunt.
617 2058 768 2125 Sequuntur
778 2077 827 2109 au·

70 2123 159 2181 ditores
169 2125 297 2174 actoribus
304 2124 408 2185 similes,
418 2124 538 2176 conducti
545 2137 570 2175 et
575 2123 696 2175 redemti:
705 2142 826 2193 uranceps

70 2192 221 2243 convenitur
231 2192 257 2238 in
268 2188 350 2239 media
359 2190 469 2250 basilica,
480 2191 584 2243 ubitam
596 2195 826 2260 palamsportulao‚

70 2274 144 2323 quatu
155 2260 182 2307 in
192 2258 305 2306 triclinio
320 2256 422 2306 dantur.
441 2261 480 2309 Ex
491 2258 583 2309 iudicio
594 2261 622 2309 io
633 2259 759 2318 iudicium
771 2261 828 2325 pari

70 2323 190 2374 mercede
200 2325 334 2374 transitur.
346 2322 408 2373 lnd'e
419 2328 469 2375 iam
479 2343 532 2375 non
551 2325 675 2376 inurbane
685 2325 828 2390 Σοφοκλιῖς
841 2359 842 2362 =

72 2404 194 2442 vocantur
200 2400 213 2440 τ’
222 2391 316 2440 iisdem
325 2391 447 2440 Latqum
457 2410 552 2441 nomen
564 2394 713 2456 impositum
725 2402 762 2439 est
772 2393 830 2439 latr·

70 2455 180 2508 dicoeni.
202 2455 236 2505 Et
247 2469 331 2505 tamen
342 2459 429 2506 crescit
440 2460 465 2506 iu
477 2457 530 2507 dies
541 2456 645 2507 foeditas
656 2469 762 2520 utraque
774 2455 829 2503 liu·

70 2540 119 2589 gua
130 2536 225 2574 notate.
235 2523 297 2572 Heri
308 2524 362 2572 duo
370 2526 572 2576 nomenclatores
582 2527 645 2584 mei,
657 2522 843 2592 illabentem
927 2558 929 2563 .

70 2603 177 2640 aetatem
187 2606 284 2648 eorum,
301 2591 345 2653 qui
357 2608 439 2656 nuper
449 2604 521 2661 togas
532 2591 694 2660 gumerium
703 2589 790 2642 ternis
800 2587 857 2637 de-

70 2653 348 2708 oariiudlaudandum
370 2658 552 2715 traiiebantur.
575 2664 669 2717 Tanti
690 2667 820 2722 constat,
838 2663 876 2702 *ll

577 2730 641 2786 Da
