1890 2924
263 147 303 208 48
477 141 508 197 C.
527 142 659 198 tunm
675 142 754 197 mu.
772 145 807 197 11.

262 247 433 317 &partibus
446 244 547 315 fuerit.
568 245 747 297 Adsensesunt
756 247 871 295 consules
882 246 935 295 desi

261 332 353 366 omnes
371 318 448 364 etiam
466 313 612 362 consulares
633 311 756 377 usquead
765 313 935 377 Pompeium<

260 398 334 448 gam:
345 382 388 430 ille
400 392 424 430 et
434 381 610 448 septingenta
619 377 712 438 millia,
722 397 792 448 quoe
801 391 935 457 acceperut

260 451 326 509 rina,
337 448 446 498 aerario
456 445 606 563 cpferendn,
617 456 642 493 et
651 446 817 495 Mattianum
829 462 858 494 m
867 462 935 512 qum

260 514 337 566 nium
345 514 461 585 relegata
482 530 540 563 um:
559 511 678 561 Marium
692 511 900 580 repetundarum
905 530 935 579 ps

278 597 341 633 uam
349 582 407 631 iam
412 596 513 648 passus
524 586 603 635 esset,
610 580 707 626 censuit
716 578 926 646 relinquendum.

259 667 286 698 m
307 647 549 712 utraquesenteatis
568 641 653 701 multi,
674 646 779 695 sortasse
799 647 875 694 etism
893 646 935 710 plu

259 716 307 766 bec
331 715 373 764 vel
391 713 563 765 solutiorevel
582 711 711 760 molliore.
732 713 799 761 Nam
809 711 935 776 quideme

259 796 370 848 quoque,
389 782 434 847 qni
443 780 558 830 Cornuto
581 775 731 828 videbantur
744 777 855 834 adsensi,
876 777 935 827 hun*

258 843 935 978 ttt‘ttff'qt}22t13:·2;„:ttt‡tttta{t‚‘¹5:5¹5

258 981 411 1031 sententiam
430 978 465 1027 ire
484 987 632 1043 coeperunt.
653 980 722 1028 Tum
732 979 779 1038 illi,
801 978 883 1041 quise
894 977 935 1025 Co'

258 1046 422 1096 adnumerari
441 1042 616 1111 patiebantur,
643 1043 671 1093 in
692 1044 823 1094 diversum
849 1046 935 1093 mansis

258 1111 362 1174 Collega
374 1124 434 1159 cnm
442 1112 530 1176 paucis
539 1111 650 1159 relictus.
661 1110 776 1161 Multum
787 1122 874 1175 postea
884 1109 932 1160 dei

256 1176 354 1228 cotibus
363 1177 424 1236 suis,
441 1177 576 1243 praecipue
586 1175 618 1224 de
628 1177 735 1240 Regulo,
759 1188 862 1242 questus
873 1189 918 1237 est,

256 1247 283 1294 in
292 1245 423 1301 sententia,
431 1260 508 1309 quam
520 1245 573 1308 ipse
584 1242 728 1306 dictaverat,
735 1245 894 1294 deseruisset.
905 1245 935 1293 Es

259 1316 304 1379 qui
314 1312 413 1376 Regulo
432 1321 485 1361 tam
502 1310 597 1359 mobile
609 1311 754 1374 ingenium,
774 1324 803 1361 ut
813 1313 935 1377 plurimu}

257 1380 323 1442 dest,
337 1380 483 1446 plurimum
492 1379 588 1429 timeat.
607 1378 657 1426 Hie
671 1379 729 1427 fluis
740 1380 892 1443 cognitionis
908 1395 935 1427 au

256 1447 343 1497 simae·
355 1446 477 1513 Superest
487 1456 572 1494 tamen
582 1443 743 1512 λειτούργιον
753 1463 804 1494 uon
814 1446 880 1506 leve,
891 1443 935 1493 Ηο.

256 1514 398 1572 Firminus,
408 1511 589 1578 legatusMarii
601 1512 689 1571 Prisci,
701 1514 744 1577 qui
755 1513 893 1579 pes-mistus
904 1527 935 1560 ca*

256 1582 367 1643 graviter
378 1579 591 1643 vehementerque
606 1590 709 1628 vexatus
720 1590 764 1627 est.
786 1578 854 1627 Nam
869 1589 893 1625 et
903 1590 935 1627 rat

255 1646 303 1694 bus
314 1644 438 1706 Maroni,
454 1655 480 1693 et
488 1661 612 1703 nemone,
628 1662 707 1709 quem
717 1646 760 1693 itte
770 1644 891 1693 habuerat
900 1646 928 1692 in

256 1711 498 1776 neLeptitanorum,
506 1726 610 1776 operam
620 1727 691 1760 suam
698 1708 781 1760 Prisco
792 1711 824 1760 ad
833 1713 936 1776 turpioni

255 1778 426 1827 ministeu'um
444 1774 628 1836 commodasse,
648 1780 832 1843 stipulatusque
842 1774 875 1827 ‹le
885 1776 935 1827 Μιι

254 1845 440 1909 quinquaginta
449 1843 532 1891 millia
541 1840 675 1893 denarium
684 1843 849 1909 probabatur:
866 1846 920 1910 ipse
932 1862 935 1910 1

253 1922 320 1961 terea
339 1909 463 1974 accepisse
481 1908 626 1958 sestertibm
644 1909 735 1961 decem
750 1912 841 1970 millis,
861 1911 935 1961 scedis

252 1975 357 2041 quidem
366 1976 449 2035 titulo,
468 1975 574 2023 nomine
590 1979 758 2040 unguentesii,
779 1978 823 2042 qui
834 1975 935 2027 titulus:

252 2042 364 2093 bominis
383 2040 462 2090 comat
481 2056 582 2107 semper
602 2053 627 2090 et
645 2045 767 2107 pumicati
783 2044 935 2098 nonabhoss

252 2108 356 2165 Placuit.
367 2119 484 2157 censente
494 2106 617 2171 Cornuto,
626 2110 717 2159 referri
727 2109 759 2159 de
770 2127 800 2159 eo
810 2112 929 2176 proximo

252 2186 296 2224 tu:
312 2184 375 2223 tune
386 2176 463 2234 enim,
479 2190 538 2223 casu
548 2175 682 2236 incertum,
700 2194 732 2225 an
743 2179 903 2237 conscientia,
914 2180 935 2227 al

250 2252 298 2291 nt.
314 2240 399 2291 Hebes
408 2258 447 2292 res
462 2240 583 2291 urbanas:
603 2242 716 2293 invicem
725 2246 830 2294 rusticas
840 2245 932 2305 scribe,

250 2306 400 2358 arbusculae
417 2320 489 2368 tuae,
515 2307 577 2372 quid
596 2311 697 2371 vineae,
720 2312 784 2376 quid
803 2323 900 2377 segetes
920 2331 933 2362 a

250 2371 313 2442 quid
324 2391 385 2425 oves
401 2374 613 2427 delicatissimae?
632 2377 782 2440 bnamma,
799 2378 848 2426 uisi
858 2396 935 2444 aeque

248 2458 309 2510 gam
320 2443 451 2508 epistolam
467 2441 566 2499 reddes,
585 2460 636 2493 non
647 2442 763 2511 estquod
772 2457 867 2513 postea,
884 2448 934 2499 nisi

250 2508 387 2573 vissimum,
397 2520 536 2579 exspectet.
552 2506 627 2577 Vale.
