1890 2924
340 132 553 187 uersu-XX.
793 146 830 200 29

70 234 295 297 tiamsolentdici,
316 248 344 286 ut
354 247 390 285 est
401 239 427 286 in
440 234 595 303 disputando
614 240 698 287 incom
717 234 830 286 rehensi·

70 308 132 357 bilis
153 317 178 354 et
192 304 321 361 lubricus,
341 305 374 352 ita
394 301 483 362 eludit,
503 315 532 351 ιιι
543 306 686 361 contendat,
698 256 744 353 iios
755 306 829 369 ipsos,

90 387 185 420 uorum
196 368 351 418 orationibus
362 368 435 429 nitar,
455 371 573 435 pauciora
585 370 764 434 dixissequam
777 368 831 418 edi·

70 389 165 487 iierint.
184 438 243 501 Ego
263 448 349 485 contra
364 446 436 501 puto.
459 438 546 485 Testes
557 448 617 485 stant
628 438 721 485 multae
732 438 830 486 multo·

70 521 132 554 rum
142 506 278 560 orationes,
298 513 323 549 et
333 501 462 551 Ciceronis
472 519 519 566 pro
529 501 645 560 Murena,
657 520 703 568 pro
714 503 830 551 Vareno:

71 572 98 618 in
109 569 203 633 quibus
214 567 296 617 brevit
307 579 333 616 et
344 567 412 616 nuda
423 569 493 633 quasi
504 567 656 634 subscriptio
666 568 830 632 quorundam

71 637 212 684 eriminum
231 636 291 682 solis
311 636 393 682 titulis
415 634 551 683 iudicatur.
571 637 612 684 Ex
622 636 661 683 lais
672 648 782 701 apparet,
793 636 830 681 il·

70 704 130 751 lum
140 700 271 765 permulta
287 698 395 761 dixisse,
406 717 487 764 quum
503 702 597 762 ederet,
609 700 733 751 omisisse.
756 700 831 751 Idem

70 786 119 833 pro
130 767 256 816 Cluentio
266 768 314 827 ait,
337 784 367 814 ee
382 774 468 815 totam
478 783 601 817 caussam
611 770 693 816 veteri
704 768 830 816 instituto

71 832 319 898 eolumpsrnrnsee,
339 844 365 880 et
374 850 419 898 pro
431 832 551 882 Cornelio
570 834 714 901 quatriduo
725 832 829 902 egisse:

70 916 105 949 tre
114 898 234 949 dubitare
244 899 380 962 possimus,
391 916 456 962 quae
466 915 512 964 per
522 902 609 965 plures
620 900 679 960 dies,
691 911 719 948 nt
731 914 831 948 necesse

71 976 134 1024 erat,
155 966 231 1013 latius
239 962 343 1024 dixerit,
362 978 448 1031 postea
458 968 536 1014 recisa
547 982 574 1014 nc
585 978 700 1032 purgata,
711 969 737 1015 in
748 982 831 1014 unum

70 1032 185 1089 librum,
207 1028 332 1094 grandem
351 1030 468 1095 quidem,
489 1048 571 1081 unutn
582 1045 676 1090 tamen,
687 1045 832 1080 coarctasse.

71 1097 106 1146 At
126 1093 199 1145 alind
219 1108 256 1144 est
265 1099 328 1145 actio
338 1096 418 1157 bona,
438 1098 510 1146 aliud
521 1100 608 1147 oratio.
629 1096 687 1147 Scio
698 1098 832 1146 nonnullis

70 1168 106 1214 ita
117 1163 208 1220 videri,
228 1161 274 1210 sed
294 1179 342 1229 ego
352 1161 468 1221 (forsitan
478 1165 563 1229 fallor)
581 1181 732 1230 persuasum
744 1164 832 1221 habco,

71 1245 148 1294 posse
160 1229 223 1290 fieri,
241 1239 270 1277 nt
281 1230 313 1277 sit
322 1231 388 1278 actio
398 1228 472 1287 hona,
485 1248 549 1295 qnae
559 1249 612 1279 nou
622 1233 653 1278 sit
662 1232 729 1280 bona
739 1231 832 1277 oratio:

72 1314 127 1345 nou
156 1310 212 1343 osse
222 1310 274 1343 uon
286 1296 382 1345 bonam
391 1298 517 1345 actionem
527 1314 588 1355 esse,
596 1314 660 1361 quae
667 1299 698 1343 sit
704 1298 769 1344 bona
776 1312 832 1342 ora·

72 1365 119 1412 tio.
138 1314 188 1410 int
197 1361 269 1409 enim
279 1362 359 1411 oratio
369 1364 472 1411 actionis
484 1364 622 1426 exemplar,
644 1373 668 1409 et
679 1359 749 1424 quasi
759 1355 831 1424 ἀρχί·

74 1444 165 1478 suuns.
187 1427 249 1477 ideo
260 1428 287 1476 in
298 1430 392 1493 optima
403 1444 503 1493 quaque
513 1428 585 1475 anille
597 1428 689 1489 figuras
700 1438 833 1490 extempo-

75 1497 141 1543 rales
151 1495 308 1543 invenimus:
323 1495 349 1542 in
359 1494 399 1543 his
409 1497 495 1551 etiam,
506 1510 568 1557 quas
578 1503 679 1540 tanturn
689 1490 769 1538 editas
779 1493 832 1539 sci·

76 1576 146 1617 mus,
154 1563 213 1610 utin
222 1557 583 1676 Vmemstrdfiewrguem?
589 1556 751 1624 quemnam?
762 1566 832 1606 recte

75 1628 215 1678 admones.
233 1626 468 1692 Polyclerumeere
497 1625 611 1675 icebanr.
630 1626 752 1689 Sequitur
762 1641 832 1688 ergo,

74 1708 104 1743 ut
114 1696 178 1743 actio
188 1695 220 1742 sit
229 1693 422 1751 absolutissima,
439 1710 503 1758 quae
515 1694 625 1742 maxime
635 1694 752 1741 orationis
762 1693 833 1741 situi-

74 1759 217 1811 litudinem
227 1762 386 1825 expresserit,
397 1762 417 1806 si
429 1758 506 1808 modo
516 1762 642 1808 iustunret
649 1758 832 1809 debitnmtem·

73 1843 122 1892 pus
133 1828 236 1891 accipiat
242 1843 259 1887 ι,
269 1824 339 1890 quod
349 1827 371 1873 si
381 1838 500 1890 negetur,
521 1828 591 1875 nulla
601 1829 712 1884 oratoris,
723 1828 833 1875 maxima

74 1892 167 1942 iudicis
191 1892 265 1956 culpa
286 1903 331 1940 est.
352 1889 454 1941 Adsunt
475 1891 534 1941 huic
546 1894 662 1958 opinioni
673 1909 742 1941 meae
752 1893 832 1956 leges,

74 1976 141 2023 quae
162 1958 310 2021 longissima
320 1970 434 2023 tempora
451 1960 602 2024 largiuntur,
624 1974 670 2006 nee
681 1958 832 2006 brevitatem

74 2024 228 2083 dicentibus,
248 2023 292 2073 sed
302 2024 412 2089 copiam,
423 2022 471 2072 hoc
482 2038 526 2083 est,
533 2024 702 2089 diligentiam,
713 2024 832 2073 suadent:

74 2110 154 2157 quam
164 2102 299 2156 praestare,
314 2092 363 2138 nisi
374 2092 401 2138 in
412 2092 597 2155 angustissimis
607 2092 709 2152 caussis,
720 2108 771 2139 non
782 2108 831 2157 po-

75 2171 124 2207 test
133 2157 256 2207 brevitas.
275 2154 411 2214 Adiiciam,
422 2156 704 2220 quodmedocuitusns,
712 2159 832 2222 magister

74 2224 832 2291 egregius3srequenteregi,frequenteriudicari,fr·eqtrentcr

74 2292 99 2339 in
109 2291 217 2340 consilio
228 2287 354 2339 faustine!
365 2290 426 2339 aiios
435 2300 535 2351 movet}
546 2306 576 2341 ιιι
584 2289 736 2371 Plerumque
742 2304 833 2355 parrae

74 2372 111 2406 res
118 2355 364 2406 maximastrahuut·
372 2354 449 2407 varta
457 2365 518 2405 sunt
529 2354 665 2407 homstaum
674 2354 777 2415 iudicia,
785 2372 833 2401 va-

75 2427 124 2475 riae
131 2425 289 2472 voluntates:
300 2418 524 2488 indeqnieandem
532 2438 648 2473 carasssm
656 2422 736 2474 simul
745 2419 832 2470 andie-

76 2474 846 2554 mntsnepediversnin,interdurnidem,sedexdsrera'tsadt·

77 2550 863 2629 mimoubnssentinntl’assteraasrueqn'rsqu'n'anrent'aon'a

74 2619 434 2695 sreeoeqmstrorssnnnm
443 2616 885 2700 complantemqnnmbd'n
