1890 2924
359 168 564 223 enisuri.
791 177 847 236 rtr

88 271 218 340 adspicere
228 273 325 331 vineas,
335 273 380 323 sed
390 283 495 386 tangere
507 271 614 323 videtur.
644 272 675 322 In
695 273 780 325 media
800 274 847 324 tri·

87 342 200 389 clinium
211 339 408 389 saluberrimum
419 357 432 388 a
452 341 541 387 flatum
549 356 578 388 ex
585 337 729 411 Apenniuis
737 338 845 391 vallibus

86 408 193 473 recipit:
222 417 279 472 post
289 405 418 454 latissimis
428 405 546 454 fenestris
557 409 650 466 vineas,
670 407 752 456 valvis
766 424 847 472 aeque

88 475 186 530 uineas,
197 470 242 521 sed
252 488 298 538 per
352 472 534 537 ptoporticum‚
546 476 618 536 quasi
628 470 751 522 admittit.
776 470 846 525 Ala·

86 551 141 587 tere
152 538 262 597 triclinii,
273 554 324 603 quo
355 539 472 586 fenestris
483 549 558 600 earet,
570 539 651 588 scalae
663 541 780 589 convivio
790 541 846 590 uti'-

86 605 123 654 lia
132 607 268 655 secretiore
278 603 376 653 ambitu
386 615 538 670 suggerunt.
566 604 597 652 In
616 606 668 653 fine
683 605 846 669 cubiculum3

89 673 193 720 coinon
203 670 291 719 minus
302 667 449 719 iucundum
464 682 630 738 prospectum
644 672 844 739 cryptopoiticus

87 739 151 803 ipsa,
172 737 490 802 quamvineaepraebent.
521 739 614 787 Subest
631 739 844 805 cryptoporticus,

87 803 268 853 subterraneae
292 804 397 865 similis3
429 815 519 853 aestate
538 805 636 853 incluso
655 805 752 869 frigore
772 807 845 869 riget,

88 881 260 934 contentaque
270 875 328 919 aire
338 885 398 927 suo,
417 886 466 918 nec
475 868 600 919 desiderat
610 886 682 920 auras
692 886 740 918 nec
750 868 846 921 admit-

87 938 128 985 tit.
150 935 212 986 Post
230 946 367 1001 utramque
376 939 604 1003 cryptoporticum,
623 935 694 986 unde
703 937 846 986 triclinium

88 999 191 1063 desiuit,
202 1003 291 1067 incipit
300 1003 427 1068 porticust
438 1015 496 1052 ante
506 1003 623 1051 medinm
633 1001 713 1063 diem,
725 1002 845 1066 biberns3

89 1069 213 1118 inclinato
233 1067 281 1127 die,
301 1071 403 1118 aestiva.
440 1068 495 1130 Hac
504 1066 631 1118 adeuntur
650 1067 747 1119 diaetae
769 1069 845 1131 duee,

89 1151 201 1200 quarum
210 1135 238 1183 iu
248 1137 325 1184 altera
335 1134 451 1184 cubicula
462 1146 579 1200 quatuor,
589 1135 668 1184 altera
677 1136 735 1195 tria,
752 1146 782 1184 ut
790 1137 845 1183 cir-

87 1204 142 1250 cuit
152 1201 199 1262 sol,
210 1213 255 1250 sut
263 1201 316 1256 sole
326 1213 442 1260 utuntur,
452 1213 497 1251 sut
507 1200 609 1251 umbra.
637 1200 711 1249 Hanc
729 1199 844 1265 disposi-

87 1268 185 1317 tionem
196 1269 425 1333 amoenitatemque
434 1266 646 1332 tectorumlonge
653 1264 846 1332 praeceditlrip-

108 1332 240 1383 odromus.
251 1333 354 1385 Medius
360 1334 475 1400 patescit,
480 1334 616 1397 statimque
626 1333 845 1382 innantiumoeu'-

86 1351 121 1449 its
131 1411 197 1449 totus
207 1402 322 1461 offertur,
332 1400 440 1466 platanis
450 1401 580 1448 circuitur.
591 1398 653 1446 illae
664 1396 758 1446 hedera
768 1401 845 1448 vesti-

88 1477 178 1527 untur,
195 1479 274 1532 utque
284 1483 402 1517 summae
412 1466 473 1527 suis,
493 1467 526 1515 lta
536 1466 604 1516 imae
614 1464 702 1513 alienis
712 1462 845 1516 frondibus

88 1535 181 1583 virent.
197 1532 298 1583 Hedera
310 1545 430 1583 truncum
440 1543 465 1580 et
474 1549 559 1580 ramos
568 1541 688 1597 pererrat,
699 1532 845 1599 vicinasque

90 1600 206 1665 platanos
217 1601 323 1649 transitu
335 1616 381 1648 suo
391 1601 502 1666 copulat.
525 1597 586 1646 Has
605 1593 690 1646 buxus
709 1599 846 1651 interiacet.

88 1667 233 1718 Exteriores
245 1668 326 1716 buxos
337 1663 612 1722 circumvenitlaurus,
623 1663 778 1730 umbraeque
789 1666 847 1730 pla·

89 1744 210 1783 tenorum
219 1748 293 1782 suam
305 1733 419 1782 confert..
440 1733 533 1782 Rectus
543 1731 586 1780 hic
595 1730 760 1797 hippodromi
770 1732 846 1793 limes

89 1799 117 1848 in
129 1810 241 1849 extrema
251 1811 324 1865 parte
335 1798 478 1866 hemicyclo
493 1799 630 1864 frangitur,
652 1810 783 1864 mutatque
803 1799 846 1848 fa·

90 1866 171 1915 ciem:
195 1867 319 1932 cupressis
329 1865 442 1914 ambitur
452 1876 477 1913 et
487 1868 581 1930 tegitur·
591 1901 598 1925 ‚
619 1865 736 1914 densiore
756 1866 847 1917 umhra

91 1935 196 2000 opacIor
213 1933 377 1998 nigriorque3
401 1931 563 1982 interioribus
574 1932 675 1980 circulis
690 1933 762 1994 (sunt
778 1935 847 1982 enirn

90 1999 192 2066 plures)
202 2000 370 2066 purissimum
385 1997 456 2048 diem
470 1999 569 2065 recipit.
598 1998 663 2047 Inde
682 2001 760 2048 etiam
779 2015 849 2049 rosas

92 2064 164 2114 effert
174 2062 379 2130 umbrarumque
389 2066 469 2129 frigus
479 2082 531 2113 uon
542 2066 641 2130 ingrato
646 2065 847 2133 soledistinguit.

90 2131 180 2182 Finito
192 2130 263 2180 vario
272 2132 316 2180 illo
327 2132 516 2197 multiplicique
526 2133 673 2181 curvamine
683 2143 752 2182 recto
771 2133 848 2182 limiti

91 2196 218 2259 redditur,
228 2214 277 2247 nec
286 2197 348 2246 huic
360 2200 415 2247 uni.
435 2197 501 2246 Nam
514 2197 566 2246 viae
576 2199 671 2264 piures,
682 2196 847 2248 interceden-

91 2263 160 2314 tibus
180 2264 274 2326 buxis,
297 2262 457 2315 dividuntur.
487 2262 556 2312 Alibi
567 2268 707 2331 pratillum,
723 2265 783 2314 alibi
794 2267 847 2331 ipsa

90 2329 174 2380 buxus
184 2332 323 2381 intervenit
332 2332 358 2380 in
368 2330 540 2446 formfftte
548 2329 681 2398 descripta,
687 2333 764 2380 literis
771 2333 848 2389 inter-

90 2397 163 2459 dum,
184 2415 249 2463 quac
259 2395 338 2447 modo
349 2414 444 2446 nomen
488 2399 554 2447 mini
564 2398 665 2458 dicunt,
682 2396 760 2446 modo
769 2399 848 2446 artifi-

90 2464 141 2512 cis:
161 2465 265 2513 alteruis
286 2465 398 2512 metulae
413 2475 528 2527 surgunt,
548 2467 653 2514 alternis
673 2465 766 2512 inserta
788 2475 848 2512 sunt

89 2545 180 2596 poma:
208 2541 233 2578 et
248 2532 276 2578 in
286 2546 362 2596 opere
373 2531 542 2579 urbanissimo
553 2531 634 2580 subita
645 2531 716 2578 velut
725 2528 787 2577 illati
800 2546 858 2584 rur

89 2597 126 2646 ris
139 2595 248 2646 imitatio
258 2594 372 2646 medium
385 2598 411 2645 in
422 2597 534 2663 spatium
544 2596 715 2649 breuioribus
731 2595 864 2668 utrinque

89 2662 196 2716 akranis
205 2661 355 2744 adornptur.
363 2663 428 2719 Post
438 2664 488 2722 has
500 2658 881 2722 scautbusiimc'mbexxinn·
