1890 2924
175 172 387 227 PANEGYR.
404 170 492 224 CAP.
508 169 583 224 XIX.
598 172 658 224 ΧΧ.
677 169 749 222 XXI.
794 177 848 232 327

89 273 228 325 habentur!
249 272 385 324 Consecuti
395 283 469 336 sunt,
485 274 612 322 titabsens
627 289 730 338 quoque
750 269 781 319 de
801 270 848 321 ab·

91 341 206 391 sentibus
217 342 316 390 nemini
326 342 417 404 magis,
427 356 505 404 quam
516 339 560 389 tibi
572 338 697 389 crederes.

141 405 202 457 XX.
215 410 271 458 lam
278 419 303 455 te
309 408 407 456 civium
418 404 544 456 desideria
553 405 715 465 revocabant,
722 420 848 455 amorem·

90 490 142 539 que
153 485 293 523 castrorum
304 471 440 539 superabat
450 474 538 523 caritas
544 474 649 538 patriae.
660 472 711 521 Iter
721 470 783 520 iude
795 472 849 535 pla·

89 537 179 589 cidum
190 556 219 589 ae
236 540 393 597 modestum,
414 551 442 587 ut
451 539 527 604 plane
537 556 551 587 a
562 555 621 605 pace
632 538 774 588 redeuntis.
793 538 849 586 Nec

89 622 151 655 vero
162 622 209 671 ego
220 606 248 654 in
255 604 375 654 laudibus
383 609 431 654 tuis
438 622 541 670 ponam,
549 603 617 669 quod
623 604 765 654 adventum
772 616 848 653 tuum

90 688 143 721 non
153 684 226 738 pater
239 672 384 736 quisquam,
404 689 457 719 non
468 664 575 720 maritus
594 673 705 737 expavit.
725 668 848 721 Affectata

89 740 146 787 aliis
157 741 263 799 castitas,
274 737 320 786 tibi
332 739 444 801 ingenita
457 738 584 800 etinuata‚
598 740 713 801 interque
725 754 763 798 ea,
783 752 849 803 qnae

90 807 220 870 imputare
235 821 288 853 non
309 806 399 870 possit.
414 802 513 853 -anlus
524 807 550 852 in
570 804 702 867 exigendis
721 802 848 853 vehiculis

90 872 224 930 tumultus,
234 871 339 919 nullum
355 871 420 919 circa
440 869 547 936 hospitia
566 869 711 931 iastidinm3
737 886 847 926 annona,

112 953 158 985 uae
170 940 271 997 ceter-iu
292 935 325 986 ad
340 935 404 997 itoc,
419 934 551 985 comitatus
563 938 697 996 accinctus,
709 947 734 984 et
743 951 848 1001 parens:

92 954 190 1051 iiiceres
200 1020 324 1069 magnum
335 1005 449 1066 aliquem
460 1001 567 1063 ducem,
586 1018 615 1051 ac
635 1014 657 1050 te
677 1003 848 1067 potissimum,

92 1068 124 1119 ad
136 1071 258 1119 exercitus
269 1072 319 1118 ire:
349 1069 412 1119 adeo
432 1067 513 1128 nihil,
534 1078 578 1116 aut
591 1079 658 1115 certe
667 1084 760 1133 parum
770 1069 850 1115 inter·

93 1146 147 1185 erat
165 1138 233 1184 inter
252 1136 438 1201 imperatorem
458 1135 555 1182 sactum
564 1167 573 1195 ,
592 1143 617 1182 et
634 1132 706 1180 brevi
721 1133 849 1181 futurum·

94 1202 181 1269 Quam
201 1201 334 1251 dissimilis
351 1217 435 1268 nuper
453 1201 558 1249 alteriue
571 1199 694 1264 principis
709 1195 849 1247 transitus?

90 1272 111 1319 si
123 1282 209 1317 tamen
220 1269 341 1318 transitus
351 1269 408 1329 itte,
428 1284 481 1316 non
492 1266 623 1332 populatio
634 1266 694 1327 suit,
714 1279 776 1313 cum
785 1262 847 1313 aba·

93 1346 148 1383 ctus
160 1335 292 1401 hospitum
313 1346 450 1396 exerceret,
468 1334 606 1398 omniaque
616 1330 710 1381 'dextra
724 1333 850 1394 laevaque

91 1411 194 1466 perusta
205 1412 230 1449 et
240 1401 332 1461 attrita,
343 1412 372 1450 ut
381 1404 402 1450 si
412 1402 451 1451 vis
460 1399 552 1465 aliqua,
572 1399 617 1450 vel
627 1399 675 1464 ipsi
686 1396 725 1446 illi
735 1395 848 1455 barbari,

92 1481 157 1530 quoe
169 1465 293 1529 fugiebat,
304 1466 455 1533 inciderent·
485 1464 699 1515 persuadendum
718 1462 849 1529 provinci-

91 1532 113 1580 is
124 1541 193 1597 uerat,
214 1528 281 1579 illud
291 1532 578 1593 iterDomitianifuisse,
588 1549 639 1581 non
650 1529 780 1597 principie.
791 1528 848 1579 lte·

89 1604 142 1661 'que
154 1613 205 1644 non
216 1606 269 1644 tam
280 1614 328 1663 pro
339 1610 380 1646 tna
391 1600 483 1663 gloria,
503 1615 582 1663 quam
591 1615 638 1664 pro
651 1596 759 1647 utilitate
770 1606 847 1643 com-

91 1664 181 1719 muni,
202 1658 284 1710 edicto
301 1662 446 1724 subiecisti,
467 1665 530 1728 quid
545 1664 573 1712 in
583 1675 722 1726 utrumque
733 1672 848 1710 vestrum

91 1739 156 1778 esset
177 1728 333 1793 impensum.
356 1729 491 1779 Assueecat
506 1732 645 1796 imperator
660 1745 720 1777 cum
738 1728 848 1794 imperio

90 1794 221 1844 calculum
233 1810 340 1858 ponere:
349 1797 385 1843 sic
395 1806 472 1853 exeat,
479 1794 621 1857 sic-redeat,
632 1806 753 1860 tanquam
764 1795 849 1843 ratio·

89 1876 153 1910 nem
162 1858 322 1922 redditurus,
333 1856 423 1919 edicat,
433 1860 497 1927 quid
507 1861 667 1911 absumerit.
691 1864 730 1913 Ita
740 1862 799 1921 fiet',
817 1873 850 1911 ut

89 1943 144 1976 non
154 1926 278 1986 absumat,
289 1923 364 1990 'quod
379 1926 474 1991 pudeat
493 1926 587 1977 dicere.
615 1926 748 1977 Praeterea
766 1926 847 1977 futuri

88 1994 234 2059 principes,
250 1992 331 2040 velint
342 1994 436 2053 nolint,
455 1995 548 2043 sciant:
568 1995 631 2043 tanti
647 2005 722 2044 tuum
736 2005 847 2043 constat:

88 2059 278 2124 propositisque
294 2056 395 2106 duobus
411 2060 535 2125 exemplis
546 2061 719 2122 meminerint,
738 2058 846 2126 perinde

88 2126 261 2173 coniecturam
282 2121 315 2171 ‹ie
332 2124 450 2174 moribus
467 2126 520 2175 suis
534 2125 652 2177 homines
662 2142 715 2177 esse
725 2127 844 2187 facturos,

88 2190 166 2258 pro'ut
176 2190 225 2238 hoc
236 2192 277 2238 vei
287 2186 354 2238 illud
365 2189 496 2256 elegerint.

140 2254 314 2307 XXI.Nonne
326 2254 366 2305 iria
376 2266 413 2306 tot
423 2257 652 2323 tantisquemeritis
658 2277 738 2309 novos
744 2259 844 2325 aliquos

89 2324 208 2387 honores,
224 2342 306 2374 novos
317 2324 404 2373 titulos
413 2323 562 2374 merebere?
576 2323 612 2375 At
624 2337 653 2374 tu
664 2327 739 2375 etiain
749 2341 845 2374 nomen

89 2389 165 2454 pau-ia
177 2393 272 2454 patriae
283 2390 420 2443 recumbes.
442 2391 528 2457 Quam
538 2392 617 2457 longa
627 2391 701 2439 nobie
713 2406 773 2438 cum
783 2407 845 2439 mo-

91 2451 169 2502 destia
179 2468 223 2505 tus
234 2454 339 2523 pugna?
349 2473 426 2520 quam
439 2456 509 2506 tarde
518 2457 644 2509 vicimus?
655 2456 757 2505 Nomen
768 2455 845 2517 illud,

91 2518 162 2582 quod
171 2522 215 2570 alii
224 2526 307 2587 primo
317 2525 403 2573 statim
413 2524 572 2590 principatus
582 2520 632 2582 die,
644 2533 672 2569 ut
682 2524 844 2588 Imperatoris

90 2596 117 2633 et
126 2582 249 2647 Caesaris,
260 2600 417 2656 receperunt,
428 2600 456 2637 tu
467 2605 547 2654 usque
557 2586 854 2644 emttstutnnatoaeeeu

90 2664 203 2718 qnoque,
212 2651 397 2707 beneficiorum
406 2665 518 2708 tuorum
525 2653 698 2726 percutimus
705 2652 880 2700 aemma
