1890 2924
310 152 442 210 arrsr.
460 150 534 205 xur.
554 150 626 205 xlv.
808 158 845 213 2³

87 271 123 303 ns
134 252 234 314 ridear,
254 272 366 320 quorum
376 255 568 304 recitationibus
578 249 663 310 arlsui'¹
683 270 736 303 nou
748 250 846 305 auditor

87 322 175 381 fuisse,
183 320 230 371 sort
239 319 357 389 creditor.
376 323 444 372 Nam
454 333 482 370 nt
492 323 518 369 in
528 321 616 369 ceteris
626 319 710 379 rebus,
722 322 755 369 lta
766 322 792 369 in
801 337 847 369 an·

89 386 180 439 aliendi
189 386 274 437 officio
283 390 348 453 parit
358 391 446 455 gratia.
458 386 479 438 ai
488 396 652 469 reponuntur..
666 386 741 439 Vale.

87 554 215 606 Μαι-ἔσο
225 486 567 620 rundenastfralllalllb‘om
574 554 846 620 despondentAcr'lr'on

156 639 199 681 no,
209 640 286 691 qnam
295 620 510 695 diligentissima
521 621 696 669 commendat.

103 699 682 757 c.1’1,11t1v81vu10ssuvu1co
704 702 784 755 SVO
805 705 832 756 S.

140 784 218 848 Pstis,
229 801 258 838 ut
268 787 350 836 fratria
355 788 465 837 tnifilias
474 788 627 852 prospiciam
634 788 767 836 maritum:
778 784 848 852 qnod

90 854 184 903 merito
194 854 259 903 mibi
269 854 432 919 potissimum
442 855 565 919 iniungis.
585 852 639 901 Scis
649 856 728 913 enim,
740 866 850 917 quanto-

89 936 153 986 pare
165 935 302 971 summum
311 921 477 969 illumvirum
485 919 848 987 srrspexerirndilexsrimque3

89 987 186 1050 quibus
194 986 239 1034 ille
248 985 444 1035 adolescentiam
454 1004 539 1037 meam
549 986 768 1035 exhortationibus
779 987 850 1034 sore·

89 1054 133 1114 rit,
149 1050 241 1115 quibua
251 1055 327 1102 stiam
336 1050 464 1112 laudibus,
475 1064 504 1101 ut
513 1051 656 1101 lauduurlus
668 1051 774 1110 viderer,
786 1054 850 1100 effe·-

88 1120 161 1169 ceria.
181 1118 254 1167 Nihil
263 1128 308 1178 est,
320 1116 389 1183 quod
399 1135 413 1166 a
423 1132 448 1167 te
458 1120 573 1167 mandari
584 1119 649 1165 milri
660 1131 704 1167 aut
714 1120 796 1167 maius
806 1129 850 1167 aut

89 1186 197 1249 gratim,
209 1184 281 1243 nibil,
292 1183 362 1248 quod
373 1184 501 1232 honestius
510 1203 523 1233 a
531 1200 571 1231 me
578 1186 671 1249 sruoipi
679 1188 763 1249 possit,
770 1202 849 1249 quam

91 1264 121 1301 nt
129 1251 162 1300 eli
182 1266 224 1298 am
234 1252 362 1310 invenem,
371 1266 403 1297 ex
411 1267 462 1313 quo
473 1252 540 1298 nasci
551 1261 656 1314 nepotes
666 1249 783 1300 Arnlsno
794 1252 851 1299 llu-

90 1320 156 1367 atioo
163 1266 260 1366 batert.
278 1317 330 1382 Qui
341 1316 447 1381 quidem
457 1316 502 1366 diu
513 1315 672 1380 quaerendus
683 1317 778 1373 fuisset,
798 1317 850 1365 nisi

90 1394 195 1450 paratus
216 1394 242 1432 ot
263 1384 334 1448 quari
352 1384 470 1447 provisus
490 1395 555 1431 esset
565 1383 695 1430 Minucius
705 1381 849 1432 Acilianus:

90 1451 138 1514 qui
158 1464 200 1497 mo
221 1460 248 1497 ut
258 1449 356 1497 iuvenis
365 1450 486 1498 iuvenem
506 1449 552 1506 (est
562 1448 632 1495 enim
643 1449 727 1495 minor
737 1449 849 1511 pauculis

94 1516 180 1581 annis)
190 1516 385 1564 familiarissime
395 1516 489 1579 diligit,
499 1524 664 1563 reseraturus
673 1530 769 1562 serrem.
783 1514 849 1564 Nam

93 1583 126 1631 ita
135 1600 149 1631 a
159 1598 202 1631 ms
221 1580 326 1629 formari
336 1593 360 1629 st
368 1583 466 1629 institui
477 1582 554 1645 cupit,
576 1590 604 1627 ut
614 1595 661 1644 ego
672 1580 767 1630 arnbis
779 1583 848 1629 sols-

93 1648 165 1698 bam.
185 1648 269 1697 Patria
288 1660 325 1698 est
340 1646 467 1707 aibairis,
488 1663 518 1694 ex
528 1649 571 1696 illa
582 1659 666 1696 nostra
677 1648 763 1709 Italia,
784 1665 849 1712 quae

92 1714 207 1765 multum
218 1711 301 1762 adbuc
313 1714 487 1773 verecundiae,
506 1715 667 1779 frugalitatis,
683 1726 759 1780 atque
769 1717 848 1765 etiam

92 1780 238 1830 rusticitatis
247 1781 364 1844 antiquae
375 1782 469 1828 retinet
478 1798 507 1829 ao
524 1793 616 1835 servat.
636 1780 710 1830 Pater
720 1783 848 1832 Minucius

93 1848 236 1904 Macrinus,
252 1848 376 1911 equestria
387 1846 484 1895 ordinis
494 1849 618 1912 princeps,
630 1851 688 1912 quia
699 1849 764 1896 nibil
774 1849 848 1897 altius

92 1914 185 1963 voluit:
194 1912 308 1962 adlectus
318 1932 332 1962 a
342 1913 402 1963 ‹liro
408 1911 562 1978 Vespasiano
569 1916 634 1962 inter
641 1915 792 1973 Praetorius,
803 1914 849 1963 bo·

92 1992 194 2029 restam
205 1981 318 2042 quietam
328 1979 504 2039 limenorum,
522 1981 655 2029 ambitioni
666 1980 750 2030 (licam
761 2000 793 2031 an
803 1978 849 2028 di·

93 2043 202 2111 gnitatil
212 2049 412 2095 constantissime
423 2048 551 2112 praetulit.
569 2048 651 2096 Habet
660 2049 741 2096 aviam
752 2057 849 2097 mater-

92 2129 153 2163 nam
167 2108 305 2162 Serranam
315 2111 460 2170 Proculam,
471 2130 484 2161 e
497 2112 634 2178 municipio
647 2114 773 2163 Patauino.
793 2116 849 2164 No-

93 2180 122 2227 sti
132 2180 184 2228 loci
193 2194 288 2229 mores.
308 2179 417 2228 Serrana
433 2191 517 2227 tamen
529 2178 655 2228 Patavinis
667 2197 770 2244 quoquo
779 2198 850 2229 seve-

92 2246 173 2295 ritatis
183 2247 331 2311 exemplum
341 2256 387 2294 est.
404 2245 518 2308 Contigit
528 2256 553 2293 et
562 2249 705 2295 avunculus
716 2250 739 2295 oi
752 2248 780 2295 Ρ.
790 2246 850 2294 Aoi-

93 2311 149 2371 lius,
160 2313 293 2376 gravitate,
303 2311 448 2377 prudentia,
458 2313 508 2363 fida
517 2329 596 2377 prope
603 2314 732 2377 singulari.
743 2313 850 2361 lusum·

92 2393 141 2438 ma,
152 2378 221 2426 nibil
231 2381 280 2427 erit
289 2379 315 2425 in
327 2379 404 2427 domo
415 2390 474 2435 tota.
485 2376 554 2445 quod
564 2394 617 2427 raon
627 2378 680 2435 tini,
691 2390 812 2442 tanquam
822 2379 849 2424 iu

94 2454 143 2505 tua,
163 2444 272 2510 placeat.
292 2440 410 2493 Aciliano
429 2462 490 2495 raro
500 2444 551 2511 ipsi
559 2443 814 2511 plurimnm'vigoria
825 2452 849 2489 st

93 2506 243 2569 industriae,
254 2526 412 2575 quamquam
421 2512 447 2561 in
456 2512 569 2561 ιιιιιιίιιιιΙ
577 2508 743 2563 vererundia.
760 2508 856 2573 Quaa-

92 2585 199 2638 stnaam,
214 2576 391 2639 Tribunatum,
405 2576 559 2643 Praeturam
567 2576 758 2639 honestissime
766 2589 872 2643 nerou-

93 2644 267 2701 tnrritacr'anr
272 2642 408 2715 pnsg'tlbs'
414 2649 609 2711 amasinum,
615 2641 893 2705 substantiarum»
