1890 2924
360 152 572 209 nissum.
636 197 644 204 ,.
738 186 741 191 .
812 164 848 221 73

444 256 492 308 lx.

69 341 224 418 :ffngssios
242 349 319 393 aetus
337 351 367 392 et
384 351 506 393 eventum
532 340 711 393 accusationis
735 340 848 396 Classici

412 416 533 458 enarrat.

87 526 91 533 ·
128 489 164 543 C.
191 487 364 544 PLINIVS
393 487 640 542 Mluvctnrto
666 489 749 544 SVO
775 491 804 542 S.

104 637 108 645 ,
150 590 259 645 Possum
271 592 324 640 ism
331 590 488 656 perscribere
500 589 554 650 tibi,
575 592 736 656 quantumin
764 593 848 643 ublies

86 657 441 726 provinciseliaeticsecsussn
448 656 542 706 laboris
550 657 718 706 exhauserim.
728 610 849 711 dissuluit

78 724 232 789 ¹multiplex,
253 734 357 788 setaque
366 736 404 773 est
414 726 512 789 saepius
530 740 590 772 oum
606 741 698 789 magns
720 729 848 775 varietste.

89 789 165 838 Unde
175 787 301 839 varietss'l
311 791 380 840 unde
389 792 477 857 plnres
489 789 616 839 actiones?
628 789 749 840 Caecilius
756 791 850 840 Clsssi·

88 870 138 915 tus,
149 855 229 904 homo
240 854 329 904 foedus
341 869 365 905 et
375 868 457 922 spette
468 858 558 916 malus,
568 859 775 920 proconsulstum
782 859 809 906 in
820 875 848 907 es

88 939 140 977 non
146 923 446 986 minusvioleuterquam
458 921 559 972 sordide
575 934 694 986 gesserat,
706 922 849 973 eodemsn·

88 986 311 1053 nmquoindlrics
319 989 533 1038 Mariusl‘riseus.
544 988 695 1037 Eratautem
707 989 806 1039 Priscus
817 1007 847 1041 ex

88 1054 197 1114 Baetica,
209 1071 239 1102 ex
250 1053 334 1102 Africa
347 1054 480 1104 Classicus.
506 1053 569 1103 Inde
580 1055 678 1103 dictum
687 1055 845 1107 Baeticorum

88 1119 130 1235 im
139 1121 294 1186 plerumque
305 1119 378 1168 dolos
389 1124 465 1171 etiam
475 1132 592 1170 venustos
603 1120 675 1185 facit]
697 1139 748 1170 nou
759 1124 846 1189 illepi-

108 1204 152 1236 ssn
163 1187 306 1236 serebatur:
323 1187 394 1236 Dedi
403 1186 501 1237 malum
511 1195 540 1235 et
548 1187 647 1253 accepi.
670 1182 722 1235 Sed
732 1188 846 1238 Marium

80 1270 141 1303 una
159 1254 246 1303 civitas
266 1252 376 1319 publice,
396 1254 522 1318 multique
537 1253 630 1318 privati
650 1269 724 1303 reum
742 1269 848 1319 perege·

79 1330 165 1380 'runt;
184 1320 212 1367 in
223 1317 367 1368 Classicum
388 1330 438 1370 tots
451 1320 581 1387 provincie
590 1317 716 1367 incubuit.
749 1318 797 1367 llle
807 1334 847 1366 so·

89 1387 247 1435 cusationem
262 1387 302 1433 vel
313 1385 416 1436 fortuite
430 1388 472 1435 sel
482 1386 624 1436 voluntaria
635 1396 716 1432 morte
729 1400 847 1448 praesen

90 1454 129 1501 tit.
164 1452 231 1501 Nam
241 1451 293 1501 luit
301 1468 371 1501 mors
382 1453 436 1501 eius
445 1452 555 1510 infamis,
570 1451 691 1514 ambigua
701 1460 800 1498 tamen:
819 1462 848 1500 ut

90 1518 161 1567 enim
170 1516 292 1567 credibile
301 1515 443 1579 videbatur,
453 1518 564 1568 soluisse
574 1518 642 1565 exire
652 1514 684 1564 de
695 1516 753 1574 vita,
764 1532 848 1580 quum

90 1582 195 1634 defendi
207 1601 260 1633 non
269 1595 369 1650 posset3
399 1587 434 1634 its
443 1585 550 1641 misum,
569 1579 694 1648 pudorem
704 1580 835 1632 damuatio

87 1652 128 1700 'uis
137 1661 222 1702 morte
232 1650 334 1711 fugisse,
345 1664 421 1715 quem
428 1669 480 1700 nou
491 1647 621 1716 puduisset
627 1647 847 1701 damnandacom·

89 1719 200 1767 mittere.
234 1715 409 1766 Nihilominus
419 1717 516 1766 Baetica
527 1717 605 1766 etiam
615 1717 643 1764 in
652 1713 764 1764 defuncti
775 1733 847 1768 sccu-

90 1785 189 1834 sstione
200 1782 334 1848 perstabat.
370 1783 505 1833 Provisum
521 1781 569 1830 hoc
584 1782 693 1848 legibus,
717 1783 847 1834 intermis-

89 1865 150 1900 sum
161 1863 256 1906 tamen,
275 1860 301 1897 et
310 1859 367 1914 post
375 1851 481 1912 longam
496 1851 589 1897 interos
610 1847 711 1897 edinem
730 1861 792 1898 tnnc
807 1867 847 1900 re·

89 1915 207 1966 ductum.
240 1912 405 1964 Addiderunt
415 1916 515 1972 Baetici,
532 1867 608 1980 quod
611 1916 690 1965 simul
698 1917 780 1965 socios
789 1917 846 1964 mi·

89 1985 234 2045 nistrosque
247 1976 350 2030 Classici
360 1981 521 2030 detulerunt:
551 1982 754 2045 nominatimque
765 1982 793 2030 in
803 1999 845 2033 eos

89 2048 285 2114 inquisitionem
296 2048 503 2112 postulaverunt.
536 2045 649 2096 Aderam
659 2046 773 2107 Baeticis,
784 2064 844 2099 me·

90 2126 203 2179 cumque
213 2112 323 2162 Luscius
333 2111 452 2172 Albinus,
463 2109 540 2163 visin
551 2109 661 2162 dicendo
669 2115 795 2180 copiosus,
806 2130 847 2164 or·

90 2191 178 2230 notus:
197 2195 277 2244 quem
288 2194 335 2245 ego
345 2196 426 2244 quum
436 2181 499 2229 olim
508 2189 599 2227 mutuo
604 2177 747 2243 diligerem,
759 2197 790 2229 ex
799 2180 847 2230 han

89 2244 166 2296 officii
176 2246 295 2294 societate
306 2262 389 2295 amare
399 2246 531 2295 ardentius
541 2246 622 2310 coepi.
648 2245 732 2296 Habet
741 2244 845 2310 quidem
861 2253 863 2259 '

89 2314 181 2377 glosis,
202 2312 231 2359 in
242 2309 333 2360 studiis
344 2313 500 2377 praesertim,
522 2308 647 2375 quiddam
656 2305 829 2373 ἀκοινώνητον
839 2329 846 2359 :

89 2377 164 2428 nobis
174 2388 262 2426 tamen
273 2378 375 2426 nullum
383 2391 519 2437 certamen,
533 2378 605 2426 nulla
616 2379 754 2426 contentio:
765 2390 846 2438 quum

90 2456 199 2508 uterque
208 2447 265 2511 pati
274 2445 335 2506 iugo
345 2461 396 2491 uon
408 2462 500 2510 prose,
511 2443 557 2492 sed
566 2460 613 2509 pro
625 2443 845 2492 cessssaniteretur.

90 2507 173 2560 Cuius
188 2520 214 2558 et
231 2508 380 2574 magnitudo
397 2523 421 2559 et
437 2512 530 2559 utilitas
546 2511 598 2558 viss
610 2520 647 2557 est
658 2506 795 2572 postulare,
813 2520 845 2552 ue

85 2586 196 2633 ¹tantum
205 2577 289 2624 oneris
299 2577 406 2639 singulis
421 2576 566 2628 actionibus
583 2576 741 2627 subiremus.
768 2568 861 2621 ‘lese-

91 2641 186 2699 umas,
196 2655 286 2688 nenos
301 2639 361 2706 dies,
373 2660 407 2694 ne
419 2663 477 2707 vox,
490 2663 523 2698 ne
533 2647 618 2698 latera
628 2642 790 2702 detinens,
803 2636 876 2688 istut
