1852 2918
105 166 160 223 336
295 156 327 208 C.
344 152 482 207 l’sttttt
499 150 702 209 suevum

104 264 127 312 si
137 277 190 311 non
198 256 410 317 foecunditatem,
429 256 532 309 sthene
542 255 731 309 mundiori·
741 261 864 327 importatt

105 328 148 377 lric
170 326 274 375 alternis
293 322 477 373 commeatibus
502 324 630 372 orientem
655 322 865 391 occidentemque

106 393 248 451 connectit,
268 400 312 447 ut,
332 404 398 453 quae
416 388 512 453 ubique
533 388 668 449 seruntur,
690 408 747 457 qus
782 408 814 441 ue
827 406 866 441 ex·

104 468 237 527 petuntur,
247 472 336 505 omnes
345 465 435 519 gentes
450 456 561 504 invicem
574 456 697 521 capiant,
719 470 747 507 et
786 458 865 521 unul,

105 535 202 591 quanto
210 520 321 572 libertati
331 519 440 571 discordi
450 520 620 570 servientibus
629 522 664 570 sit
675 524 781 587 utilius,
790 540 866 575 uttottt

105 607 172 648 esse,
193 590 235 638 cui
254 590 373 638 serviant.
403 588 508 653 Quippe
527 586 642 636 discretis
662 587 780 653 quidem
799 590 865 641 ltoo'u

104 659 230 716 omnium,
239 670 284 703 rua
294 657 416 719 cuiusque
426 653 459 704 ad
468 654 583 719 singulos
596 654 680 717 mals;
701 658 809 707 sociatio
821 672 864 708 au·

105 736 158 773 tem
167 732 244 785 etque
253 720 400 788 permixtis',
418 722 585 786 cingulorum
591 720 664 769 maia
674 719 713 771 ed
724 724 865 783 nominent,

104 787 138 839 ad
148 802 237 837 omnes
246 787 365 837 omnium
371 786 441 837 bons
451 786 590 853 pertinent.
605 786 660 837 Sed
669 787 729 839 sive
739 792 819 841 terro
827 788 866 839 di·

104 854 197 905 vinitas
207 850 342 917 quaedam,
352 854 405 903 rice
415 854 508 918 aliquis
518 852 637 903 amnibus
647 854 764 917 genium
784 868 812 907 et
823 872 864 905 so·

103 923 160 971 lum
169 917 237 967 illud
245 930 271 968 et
280 922 377 968 flumen
384 920 469 986 ipsum
478 934 576 985 precor,
586 918 675 969 ut'ltrc
685 922 817 989 principis
825 923 865 973 bt·

103 987 226 1051 nignitate
245 996 402 1048 contentum,
417 988 493 1036 molli
508 986 607 1050 gremio
616 986 723 1035 semina
735 986 864 1047 recondet,

102 1052 273 1118 multiplicate
283 1054 406 1111 restituat.
419 1117 423 1129 1
434 1052 492 1103 Nou
503 1048 622 1115 equidem
633 1055 802 1117 reposcimus
811 1056 864 1105 toe-

104 1136 165 1236 :lt
176 1117 783 1251 lt‘l,‘allidi:tlft‘ilttisssstlltt
790 1134 864 1237 :2¹:¹3

103 1256 134 1302 lis
145 1264 216 1303 tento
225 1254 317 1317 magis,
330 1254 389 1317 quia
400 1269 452 1300 non
463 1251 599 1314 exigimur,
610 1264 727 1301 excuset.

150 1320 278 1370 xxxin.
296 1316 459 1378 Satieimtnm
470 1333 521 1381 qun
537 1315 648 1376 cittium,
669 1332 725 1380 que
734 1320 864 1370 sociorum

102 1387 264 1437 utilitatibus.
285 1382 377 1433 Visum
388 1396 425 1433 est
435 1383 609 1449 spectaculum
619 1381 680 1431 inde
690 1402 748 1435 non
761 1402 863 1446 enerve,

101 1470 150 1503 nec
165 1457 277 1510 fluxum,
297 1466 347 1499 nec
363 1450 434 1515 quod
448 1452 547 1499 animos
562 1448 680 1498 virorum
699 1452 823 1504 molliret
841 1464 865 1503 et

101 1521 239 1585 frangeret,
249 1516 295 1567 scd
302 1515 372 1582 quod
382 1514 414 1565 ad
420 1515 529 1582 pulchra
535 1515 640 1563 vulnere
648 1527 865 1585 contemtnmqne

101 1590 190 1638 mortis
212 1583 373 1635 accenderet:
393 1599 475 1649 quum
491 1584 517 1630 in
531 1598 666 1631 servorum
677 1584 759 1633 etiem
768 1588 863 1636 noxio·

100 1669 212 1718 rumque
232 1649 379 1716 corporibus
398 1665 471 1700 amor
489 1647 574 1697 laudis
593 1647 730 1713 etcopido
744 1652 864 1702 victorine

100 1731 256 1769 cerneretur.
287 1718 374 1783 Quem
395 1714 487 1764 deinde
506 1717 533 1762 in
552 1712 652 1764 edendo
667 1716 861 1783 liberalitatem,

101 1802 179 1849 quam
189 1785 311 1833 iustitiam
322 1782 443 1843 exhibuit,
459 1782 531 1830 omni
542 1782 674 1830 effectione
684 1792 730 1831 aut
740 1784 862 1844 intectus,

101 1862 144 1898 aut
153 1847 246 1898 maior!
265 1850 434 1914 impetratum
443 1860 486 1908 cst,
497 1846 567 1912 quod
578 1846 771 1911 postulsbctur:
785 1851 862 1900 obla·

102 1928 166 1975 tum,
177 1913 246 1980 quod
256 1930 309 1962 uon
318 1916 499 1980 postulabatur.
513 1913 608 1963 Institit
619 1916 697 1983 ultro,
708 1926 745 1973 et,
757 1927 787 1965 ut
799 1932 861 1966 con·

100 1982 300 2047 cupiscetemus,
320 1978 464 2030 admonuit:
484 1996 512 2029 rc
522 1982 558 2029 sic
568 1996 670 2044 quoquc
679 1979 759 2045 plura
770 1982 860 2049 inopi-

101 2059 168 2108 nau,
177 2047 253 2110 plura
262 2046 353 2096 subita.
373 2048 428 2097 lem
438 2064 516 2111 quem
526 2045 605 2094 libero
616 2048 793 2125 spectantium
804 2062 861 2099 stu-

100 2113 150 2171 dia,
161 2129 240 2177 quam
248 2128 350 2162 securus
360 2112 444 2163 lavor!
460 2114 563 2163 Nemini
574 2114 700 2177 impietas,
712 2123 742 2161 ut
751 2115 859 2177 solebat,

100 2180 207 2239 obiectu,
217 2176 286 2242 quod
296 2178 389 2227 otlisset
401 2179 581 2243 gladiatoremt
602 2194 679 2227 nemo
690 2193 704 2225 c
714 2190 860 2243 spectatore

99 2244 365 2311 spectecttlumlaotus‚
373 2247 476 2293 miserae
487 2247 630 2310 voluptates
639 2259 707 2292 ttuco
717 2256 743 2292 et
752 2246 859 2310 ignibus

100 2312 218 2378 expiavit.
237 2310 349 2360 Demens
360 2311 411 2371 ille,
423 2312 528 2375 verique
543 2311 647 2361 honoris
665 2313 789 2375 ignarus,
810 2312 857 2379 qni

100 2381 205 2428 ctituinr
210 2378 349 2427 molestetis
359 2378 386 2425 ita
397 2394 473 2426 arena
483 2378 628 2443 colligebat,
639 2393 667 2425 rc
677 2392 705 2424 ee
716 2374 819 2443 despici
830 2389 858 2428 et

100 2446 239 2502 contemni,
250 2444 298 2493 nisi
308 2445 385 2493 etiem
397 2441 547 2509 gladiatores
557 2447 609 2493 eius
620 2442 857 2505 veneraremur,'si-

98 2512 125 2560 bi
137 2510 255 2562 maledici
265 2514 291 2560 in
302 2512 367 2568 illis,
387 2528 459 2560 suem
470 2510 642 2569 divinitstem,
662 2524 739 2559 suum
749 2525 856 2561 numen

94 2580 193 2641 violari,
213 2576 442 2651 intetpretsbatnt3
458 2594 543 2645 quum
559 2592 587 2625 se
601 2576 676 2625 idem
691 2573 763 2637 uuotl
780 2574 856 2637 cleos.¹

80 2647 154 2701 idem
163 2651 328 2723 gladiatores
340 2647 413 2723 quotl
424 2662 453 2701 te
461 2643 579 2716 putnltst·
