1890 2924
339 124 584 231 mersum„
611 174 620 185 “
712 169 716 174 ’
790 187 844 243 117

91 279 134 334 ltu·
144 282 171 331 in
181 293 277 342 monte,
287 297 334 349 per
344 298 400 331 sexa
407 278 526 338 decurrit,
537 278 661 345 excipitur
667 281 846 330 coen'a'tiuncu-

90 352 116 400 la
128 365 208 398 uranu
223 350 299 399 secta:
320 348 359 396 ibi
371 348 517 413 paullulum
527 359 639 395 retentus
651 347 677 394 in
687 343 793 394 Larium
803 349 845 396 la·

91 431 152 464 enm
172 415 278 465 ‹lecirlits
306 415 390 463 Huius
400 417 464 462 mira
475 423 576 462 natura:
598 424 636 460 ter
654 415 680 461 in
696 413 756 473 dic,
777 416 846 462 statis

91 481 208 532 auctibus
217 478 583 538 aodiminutiouibrrs,.crescit
593 479 772 543 decrescitque.
784 479 847 529 Cer-

91 551 164 598 nitur
173 547 202 596 id
211 549 303 612 palam,
315 559 409 596 etcum
420 563 519 595 somme
532 547 659 610 voluptate
670 544 846 611 deprehendi-

90 626 145 664 tur·
179 612 254 664 quta
264 612 391 663 recumbis
403 624 427 674 et
438 615 557 661 vesceris:
578 621 651 676 atque
662 614 738 661 etiarn
751 629 783 661 cx
793 615 847 679 ipso

89 679 162 729 tonte
172 677 292 742 (narnest
299 679 494 745 frigidissimus)
502 691 584 744 potas:
603 680 707 727 interim
717 679 847 729 mecerin

90 747 267 810 dimensisque
281 747 420 795 momentis
435 747 476 793 vel
490 743 647 793 subtrahitur
662 744 846 810 rel'nrlsurgit.

88 809 236 872 Annulum,
243 810 359 877 seuquid
368 809 446 871 eliud,
457 813 531 877 ponis
542 815 567 859 in
579 812 652 872 sicco,
664 811 779 860 adluitur
789 828 846 861 seu·

88 878 148 936 sim,
169 894 198 927 ac
212 881 349 928 novissime
365 879 492 944 operitur:
512 876 641 943 detegitur
651 893 738 926 rrrrsus
748 879 847 942 paulla-

89 943 187 1009 timque
203 944 341 995 deseritur:
358 945 380 994 si
390 943 488 992 'diutius
499 944 630 1003 observes,
651 956 790 1007 utrumque
800 946 847 994 ite·

89 1025 150 1058 rum
169 1027 199 1059 ac
218 1013 293 1060 tertio
313 1009 409 1061 ridens·
427 1009 570 1076 Spiritusne
580 1011 671 1073 aliquis
682 1014 806 1060 occultior
816 1026 845 1060 os

88 1075 298 1129 tonrirerfaucn
308 1075 478 1138 modularet,
498 1074 579 1125 modo
587 1076 708 1136 includit,-
722 1090 799 1142 prout
809 1079 846 1126 il-

88 1143 158 1192 latus
170 1145 292 1202 occurrit,
314 1154 358 1192 aut
366 1141 473 1192 decessit
483 1141 620 1208 expulsus?
650 1142 730 1208 Quosl
744 1146 775 1191 iu
786 1160 846 1192 am-

88 1209 169 1274 pullis
184 1211 321 1274 ceterisque
338 1211 445 1274 generi»
453 1208 571 1258 eiusdem
588 1207 704 1268 ridentur
724 1207 846 1267 accidere.

89 1274 185 1338 quibus
196 1292 248 1324 non
258 1275 339 1335 bians,
350 1291 397 1323 nec
407 1275 694 1340 statimpatensexitut.
723 1274 792 1323 Nam
801 1276 847 1323 ills

89 1356 203 1405 qnoque,
223 1358 380 1407 quemqnam
391 1358 471 1406 prona
483 1353 507 1389 et
519 1341 656 1405 vergentia,
667 1356 714 1405 per
723 1337 847 1404 quasdam

89 1406 243 1456 obluctantis
255 1409 354 1456 animes
365 1424 447 1456 moras
459 1406 554 1456 crebris
565 1407 636 1468 quasi
646 1405 804 1470 singultibus
815 1406 848 1456 si·

89 1481 168 1531 stunt,
188 1471 414 1539 qucffellundunrs
438 1472 480 1523 Αἰ]
492 1488 557 1537 quae
568 1471 673 1519 Oceano
683 1483 780 1530 neutra,
791 1473 848 1522 fon·
864 1492 868 1504 ¹

89 1537 240 1604 thuoquel
251 1546 253 1552 '
272 1555 372 1605 quaque
383 1541 428 1588 ille
438 1539 534 1586 ratione
545 1549 589 1586 aut
598 1537 739 1602 impellitur
751 1551 794 1587 aut
803 1554 848 1586 re·

90 1604 216 1666 sorbetur,
226 1605 400 1655 harmodum
411 1605 453 1653 bic
462 1604 556 1652 humor
567 1603 666 1652 vicibus
673 1605 848 1672 alteruIs‘sup·

110 1671 213 1720 rimitur
227 1674 269 1721 rel
287 1671 418 1734 egeritur?
436 1671 641 1728 trutmannia,
663 1671 765 1734 quaein
776 1689 846 1722 mare

89 1684 251 1798 leseruntur,
273 1737 465 1787 erlversant'rbus
476 1739 569 1798 ventis,·
588 1736 714 1802 ebrioque
725 1749 795 1787 aestn
805 1755 846 1787 re·

88 1811 248 1869 torquentur,
256 1806 289 1853 ite
301 1802 530 1906 estaliquirlffguotl
541 1803 615 1852 buius
625 1803 701 1851 sontis
712 1821 847 1855 excursnrn

87 1864 147 1934 [per
158 1868 298 1935 momenta]
309 1873 476 1934 repercutiat.
499 1868 544 1918 Au
552 1869 688 1918 latentibus
698 1869 769 1919 venis
781 1883 849 1920 certe

87 1933 218 1992 mensura,
239 1935 380 2000 quaedum
391 1936 489 2002 colligit
500 1935 570 1999 quod
581 1934 742 1994 exb‘auseret,
761 1937 847 1985 minor

87 1998 157 2049 rivus
168 2012 206 2050 est
215 2012 241 2050 et
249 2003 359 2069 pigrior5
369 2024 372 2030 ·
382 2019 464 2065 quum
473 2002 594 2065 collegit,
614 2002 704 2066 agilior
713 2004 846 2067 maiorque

87 2064 306 2131 profuturi-'Am
317 2069 402 2116 nescio
414 2067 490 2131 quod,
499 2067 683 2116 libramentum
693 2065 810 2116 abditum
822 2080 847 2117 et

88 2148 205 2190 coecum,
222 2132 384 2198 qnod'quum
397 2135 555 2182 exinanitum
570 2143 616 2192 est,
629 2135 734 2183 suscitat
744 2144 768 2182 et
778 2134 847 2184 elicit

87 2199 200 2248 sontem:
212 2216 294 2264 quum
299 2200 435 2264 repletum,
442 2211 556 2248 morat-ur
566 2211 590 2248 et
597 2197 757 2257 strangulat?
768 2201 846 2245 Scru-

88 2263 141 2313 tare
153 2277 181 2314 tu
192 2281 291 2314 caussas
297 2301 305 2324 ,
317 2270 399 2330 (potes
416 2267 496 2325 enirn)
508 2283 570 2324 quae
580 2269 680 2310 tentum
691 2261 845 2310 miraculum

89 2329 212 2380 efficiunt.
240 2331 306 2380 Mibi
316 2331 417 2381 abunde
428 2337 473 2389 est,
485 2328 505 2375 si
515 2329 573 2376 satis
584 2325 780 2393 expressi,'quo‹l
793 2326 845 2374 elli-

87 2398 162 2447 titur.
182 2399 257 2446 Vale.
