1890 2924
147 180 202 235 268
303 172 509 226 -ut‘tttttt
546 172 677 224 Lllss.
723 222 726 227 ,

341 312 344 319 .
378 274 467 324 xvu.
495 271 664 336 (cxxxvnt

224 339 336 392 Gabina
349 343 460 391 Bassum
471 341 572 391 laudat
580 339 655 407 apud
666 338 822 393 Troianum.
852 374 855 379 ·

299 423 329 472 c.
348 422 521 475 rsturvs
538 410 737 474 intuso.

194 502 308 554 Gabinus
321 506 434 563 Bassum,
454 505 574 565 Domine,
588 504 744 571 praelectum
752 522 812 556 orae
824 505 896 557 Pon·

143 565 213 630 ticac,
223 571 363 635 integrum,
374 573 494 636 probum,
504 573 670 633 industrium,
690 583 766 637 atquc
777 573 843 622 inter
852 576 897 623 ista

144 638 383 687 reverentissimum
389 638 440 685 mei
450 648 577 713 expertus,
592 649 652 686 voto
661 641 755 702 pariter
766 651 791 687 es
799 642 896 690 suffra·

142 701 187 765 glo
196 718 344 769 prosequor,
356 702 449 764 caldo,
459 704 587 767 quamtihi
597 701 691 771 deloco:
709 719 786 767 quesn
796 705 897 755 abunde

143 770 262 834 conspexi
271 772 426 819 instructum
435 770 591 821 commilitio
599 780 654 829 tuo,
663 770 735 818 cuius
745 768 896 835 disciplinae

145 830 229 893 debet,
240 836 310 898 quod
322 832 482 899 indulgentia
492 845 535 883 tna
544 832 639 899 (lignus
650 844 695 884 cst.
729 832 808 900 Apud
819 853 862 884 sne
873 849 898 885 ct

143 898 239 947 milites
250 909 274 946 et
283 899 387 965 pagani,
406 898 525 965 aquibus
539 900 635 949 iustitia
650 900 704 948 eins
714 911 740 948 et
748 900 896 955 litunsuitos

141 964 245 1027 penitus
262 966 380 1030 inspecta
395 977 441 1027 est,
460 966 615 1033 certatimlei,
634 978 684 1030 qua
698 966 827 1030 privatim,
847 984 897 1032 qua

109 1070 120 1089 ,
141 1024 255 1092 publice,
273 1030 452 1085 testimonium
469 1033 652 1082 retribuerunt.
687 1030 767 1095 Quod
785 1035 811 1081 in
828 1036 896 1083 noti-

142 1092 206 1144 tiam
215 1104 286 1146 tuam
296 1096 396 1165 perfero
406 1113 435 1147 es
445 1094 503 1158 lde,
513 1114 594 1162 qnam
602 1096 649 1146 sibl
659 1095 749 1147 debeo.

386 1194 455 1247 XIX.
477 1186 652 1258 (LXXXVIII)

141 1257 244 1311 Filium
253 1261 446 1315 commilitonis
455 1258 506 1323 sus',
524 1266 551 1311 ct
568 1258 656 1325 ipsam
670 1273 761 1311 ocrem
775 1260 895 1320 militem,

209 1328 385 1379 commendat.
412 1372 420 1381 ,

303 1408 334 1460 G.
351 1405 521 1461 PLINIVS
539 1404 734 1458 TRAIANO.

202 1490 394 1559 Nymphidium
413 1488 528 1557 Lupum,
547 1490 675 1549 Domine,
700 1488 894 1555 pslmipilarem‚

142 1558 346 1609 commilitonem
356 1557 442 1618 habui,
462 1571 544 1620 quum
554 1558 609 1620 ipss
619 1554 736 1603 tribunus
745 1571 837 1616 essem,
851 1560 894 1608 ille

142 1626 298 1689 praelectus:
322 1623 383 1675 iude
399 1621 560 1672 familiariter
569 1619 677 1684 diligere
691 1623 772 1686 coepi.
807 1621 894 1673 Crevit

141 1700 229 1753 postes
239 1692 327 1741 caritas
338 1695 392 1757 ipss
400 1698 504 1737 mutuae
516 1698 635 1736 vetustate
645 1687 778 1737 amicitiae.
805 1689 892 1752 ltaque

142 1762 168 1799 et
178 1755 257 1817 quieti
268 1758 321 1805 eins
332 1757 405 1805 inieci
415 1769 532 1813 uranum,
548 1763 574 1801 et
584 1752 663 1815 exegi,
674 1762 703 1799 ut
712 1768 754 1799 nse
764 1754 791 1801 in
799 1750 893 1820 Bithyn

141 1818 184 1866 uia
194 1821 300 1868 consilio
310 1823 453 1871 instrueret.
487 1818 565 1882 Quod
575 1817 619 1864 ille
629 1816 786 1878 amicissime,
810 1831 836 1867 et
846 1822 891 1869 otii

141 1894 165 1931 et
174 1888 311 1933 senectutis
321 1887 417 1935 ratione
426 1885 572 1949 postposita,
583 1879 608 1929 et
616 1881 666 1930 iam
677 1883 745 1942 lecit,
764 1896 791 1933 et
803 1883 889 1934 lactu-

139 1964 183 1997 rus
196 1960 242 1998 est·
276 1949 376 2014 Quibus
387 1967 418 1999 ex
433 1949 524 1998 caussis
538 1946 735 1998 necessitudines
750 1950 805 1997 elus
821 1952 888 2000 Inter

136 2030 205 2062 ineas
216 2031 334 2076 numero,
356 2029 380 2065 et
390 2017 472 2064 tilium
481 2014 507 2061 in
518 2012 614 2078 primis,
633 2011 824 2077 Nymphidium
833 2017 887 2066 Lu·

135 2095 207 2144 pum,
219 2082 340 2131 luvenem
349 2082 469 2148 probrun,
481 2079 645 2138 industrium,
668 2089 692 2125 et
704 2080 807 2143 egregio
815 2092 885 2144 patro

137 2144 331 2209 ‹ligniuimum,
351 2150 517 2198 suffecturum
536 2143 709 2208 indulgentias
728 2154 799 2193 tuae:
816 2147 884 2195 sicut

134 2211 222 2276 primis
241 2213 295 2260 eins
314 2212 494 2277 caperimsntis
522 2224 674 2273 cognoscere
694 2219 781 2274 potes,
801 2227 883 2274 quum

133 2276 274 2342 praefectus
284 2276 393 2327 cohortis
403 2277 584 2341 plenissimum
593 2275 767 2324 testimonium
776 2292 883 2327 merue-

132 2343 232 2392 ritlulii
240 2342 343 2395 Ferocis
353 2353 377 2390 et
386 2342 462 2392 Fusci
472 2341 628 2401 Salinatoris,
639 2340 838 2391 clarissimorum
843 2342 884 2393 vi-

134 2424 232 2459 rosam.
264 2406 352 2459 Meum
367 2406 502 2472 gaudium,
521 2407 747 2474 Domine-msam
764 2406 881 2474 gratula-

133 2474 232 2527 t'soncm
240 2475 287 2541 ‚flffi
296 2472 405 2535 honores
419 2472 577 2535 continuent.

645 2606 677 2637 »l
