1890 2924
143 156 195 212 338
278 192 283 205 .
332 149 714 205 otutttltsocvum

180 288 276 337 umque
292 271 384 319 insulae
395 286 495 333 omues,
505 286 567 334 quas
581 267 662 317 modo
673 280 838 335 senatorum,
854 270 900 321 istu

145 290 288 389 iilatomm
299 337 371 385 turba
382 340 529 402 compleret,
536 353 601 401 quos
611 332 719 399 quidem
728 354 784 387 nou
791 338 820 389 iu
829 354 901 405 pne-

146 424 203 457 reus
212 416 321 465 numm,
340 402 386 453 sed
404 406 431 454 iu
442 416 574 454 aeteruum
585 400 737 466 repressisti,
747 403 778 454 in
786 404 835 455 illa
843 422 903 473 poe-

144 486 237 521 uarum
252 466 370 536 indagine
386 469 506 518 inclusos.
537 468 663 534 Ereptum
675 468 774 537 alienas
783 473 903 535 pecunias

145 534 226 587 eunt?
241 534 358 603 perdant,
369 552 431 600 quas
443 533 550 583 habeut:
569 533 697 599 expellere
708 532 853 600 petentibus
863 553 903 603 gt·

143 600 243 655 stiunt?
257 604 309 652 suis
320 601 498 651 exturbentur:
508 616 599 664 aeque,
610 610 639 647 ut
649 612 733 662 autea,
745 618 902 669 exsanguem

143 670 217 719 illam
232 680 258 719 ct
267 669 377 718 ferream
387 668 497 716 frontem
506 663 696 730 necquidquam
706 670 902 721 convutnem·
934 674 938 713 i

119 785 123 793 ,
144 734 205 787 dam
212 735 350 802 praebeant
359 735 468 801 punctis,
480 743 505 780 et
514 742 585 781 uotae
596 748 654 781 suar
663 733 784 799 ridcuut3
805 736 853 787 sed
861 752 901 787 ex·

44 839 47 843 -
142 812 257 869 spectent
284 797 902 869 ariepraemiodamue‚necma10resspes,qurn

142 880 225 917 metut
234 819 352 926 irritent,
364 868 527 929 timeantque,
539 874 666 928 quantum
675 867 851 921 timebantur.
861 871 903 920 11·

143 933 214 999 genti
225 931 331 997 quidem
340 934 427 983 auimo
438 930 513 980 divus
522 930 597 978 Titus
606 933 740 981 securitati
751 948 859 987 uostm
867 937 903 985 ui-

142 1000 256 1063 tiouique
261 1008 430 1066 prospexerat,
439 998 547 1061 ideoque
557 996 709 1046 numinibus
720 1014 851 1065 aequatur
860 1012 901 1052 eet:
934 976 938 1071 i

142 1062 188 1115 sed
217 1077 293 1115 uento
303 1078 332 1115 tu
342 1062 496 1130 quaudoque
505 1062 608 1127 dignior
619 1064 696 1121 caelo,
714 1068 761 1128 qui
772 1080 814 1118 tot
823 1086 864 1119 res
872 1068 902 1118 il·
935 1074 938 1097 ¹

142 1132 173 1181 lis
183 1082 305 1190 sirectsti,
315 1144 422 1197 propter
430 1146 491 1194 quas
502 1130 580 1178 illum
589 1126 666 1177 deum
678 1130 807 1183 lecimus!
820 1134 853 1185 ld
858 1135 901 1183 lroc

141 1200 224 1264 magis
233 1196 344 1247 arduum
353 1199 411 1256 suit,
422 1193 492 1262 quod
503 1196 645 1260 Imperator
656 1196 752 1260 Nem,
762 1210 792 1249 te
804 1202 868 1261 filio,
879 1212 900 1249 te

142 1280 285 1313 successore
302 1262 483 1329 dignissimus,
503 1273 639 1327 postquam
658 1279 754 1327 magna
798 1266 899 1317 mm

142 1328 225 1379 edicto
236 1328 291 1379 Titi
301 1329 464 1388 adstruxerat,
479 1327 545 1376 nihil
555 1328 686 1392 reliquisse
698 1331 747 1380 tibi
757 1334 786 1381 ri
809 1334 900 1391 ebatur,

142 1398 187 1462 qui
197 1408 249 1447 tum
258 1398 341 1445 multa
351 1394 506 1460 excogitasti,
526 1405 556 1442 ut
565 1396 585 1442 si
596 1405 654 1442 autc
665 1405 689 1442 te
699 1397 772 1448 uilril
783 1412 853 1450 esset
862 1401 900 1449 iu-

143 1475 262 1513 rentum.
293 1462 365 1528 Quae
380 1462 483 1525 singula
493 1472 620 1524 qrrautum
631 1461 676 1508 tibi
687 1468 790 1526 gratiae
802 1467 901 1532 dispeu-

142 1541 193 1579 satu
203 1526 367 1579 adiecissent!
386 1525 422 1576 At
432 1539 459 1576 tu
469 1528 547 1574 simul
557 1527 644 1575 omnia
653 1529 815 1593 profudisti,
831 1544 861 1583 ut
868 1531 902 1580 sol

142 1606 167 1644 et
176 1594 229 1644 dies
242 1612 293 1643 ιιοιι
304 1605 375 1660 parte
385 1595 479 1657 aliqua,
489 1593 533 1640 sed
544 1593 626 1640 statim
638 1604 704 1642 totus
711 1630 719 1654 ,
741 1612 795 1646 uec
805 1600 901 1649 uniret

142 1662 222 1721 alteri,
233 1660 276 1708 sed
288 1661 407 1710 omnibus
419 1663 443 1707 in
455 1674 600 1715 commuue,
611 1654 751 1723 profertur.

194 1728 316 1777 XXXVI·
336 1729 421 1792 Quam
431 1729 500 1774 iuvat
511 1740 613 1773 cernere
628 1728 757 1776 aerarium
779 1734 863 1782 silens
879 1742 901 1781 et

141 1794 265 1856 quietum,
277 1805 302 1840 et
311 1794 385 1857 quale
396 1803 454 1842 ante
465 1790 591 1839 ‹ielatores
602 1789 668 1840 erat!
685 1792 765 1842 Nunc
773 1801 899 1865 templum

140 1858 217 1921 illud,
227 1875 297 1907 nuuc
305 1876 362 1908 vere
372 1858 455 1918 aedes,
466 1874 518 1905 ιιοιι
529 1858 681 1921 spoliarium
691 1861 715 1906 ci
720 1863 808 1923 vium,
814 1880 900 1914 crucu-

140 1936 275 1990 rerumque
285 1925 438 1991 praedarum
448 1940 553 1974 saevum
568 1927 779 1990 receptaculum,
801 1948 833 1979 ao
851 1940 899 1980 toto

141 1992 168 2040 iu
179 1991 239 2040 orbe
249 2002 374 2040 terrarum
385 1990 470 2040 adhuc
478 1991 551 2038 locus
562 2006 628 2038 unus
635 2023 643 2046 ,
664 1992 691 2038 in
713 2009 784 2057 quo,
806 2000 899 2065 optime

140 2058 264 2123 principe,
274 2057 335 2106 boni
346 2058 419 2106 malis
430 2060 540 2121 impares
551 2067 642 2104 esseut.
654 2054 744 2105 Manet
754 2070 849 2113 tamen
859 2064 900 2113 lxo·

140 2140 188 2172 uor
205 2124 310 2187 legum,
330 2123 446 2187 nihilque
453 2137 483 2171 ex
493 2122 595 2187 publice
606 2122 717 2172 utilitate
730 2132 898 2180 convulsum:

140 2204 187 2238 uec
195 2207 276 2256 poena
287 2191 406 2253 cuiquam
416 2189 533 2248 remissa,
553 2187 598 2236 sed
608 2186 695 2236 addita
706 2201 745 2238 est
754 2194 842 2256 ultio,
860 2212 898 2245 st·

139 2255 246 2321 lumquc
256 2266 394 2314 mutatum,
418 2255 486 2317 quod
498 2256 549 2302 ium
560 2272 610 2302 ιιοιι
623 2253 757 2316 delatores,
776 2262 827 2311 sed
837 2262 899 2327 leget

139 2322 272 2372 timentur.
302 2318 338 2369 At
346 2321 450 2368 sortasse
470 2338 523 2368 non
544 2319 631 2368 eadem
647 2325 786 2373 severitate
803 2330 899 2385 fiscum,

138 2405 188 2453 qua
198 2390 331 2449 aerarium,
342 2384 454 2435 cohibes.
461 2384 545 2435 Immo
552 2397 619 2437 tauto
626 2388 729 2448 maiore,
737 2394 899 2459 quantoplus

141 2453 188 2503 tibi
202 2454 280 2503 licere
296 2453 327 2502 de
343 2463 400 2512 tuo,
415 2469 492 2516 quam
508 2452 539 2502 de
553 2455 660 2518 publico
677 2456 772 2507 credis.
804 2457 900 2506 Dicitur

137 2521 227 2585 actori,
239 2533 314 2588 atque
326 2521 402 2570 etiam
411 2522 569 2585 procuratori
580 2530 636 2569 too:
653 2522 690 2568 In
701 2517 745 2570 ine
757 2520 842 2583 veni,
859 2536 900 2570 ee·

127 2604 215 2657 quere
225 2590 265 2645 ad
273 2585 406 2644 tribunal.
422 2587 491 2638 Nam
499 2585 610 2635 tribuual
618 2603 718 2652 quoque
728 2594 898 2657 excogitatum

118 2661 292 2732 principatui
303 2675 349 2733 est,
359 2680 411 2735 par
421 2652 803 2722 ceteriuu'uiilluuliugatofu
810 2654 897 2721 mpu-
923 2710 939 2761 N
