1890 2924
316 108 445 165 EPIST.
461 109 514 164 IV·
538 109 576 162 Vc
743 114 750 122 “
795 115 829 168 93

111 276 292 331 Tribunatum
301 211 581 331 semetsrelnlbalvist'o
589 275 693 344 Nepoti
693 279 775 346 petit.

181 359 213 429 ce
228 357 402 410 rmurvs
421 359 572 411 sossto
590 360 671 412 svo
690 360 719 412 s.
755 358 758 365 “

117 442 263 494 Calvisium
271 445 399 511 Nepotem
408 441 565 492 validissime
576 441 667 507 diligo,
689 445 775 492 virum
785 445 829 492 in-

66 508 212 570 dustrium,
227 508 364 570 disertum,
379 521 488 568 rectum,
504 507 572 574 quod
588 509 656 575 apud
670 512 765 558 rossel
780 527 830 575 po·

67 578 198 627 tissimum
209 585 255 624 est.
299 575 372 624 Idem
394 573 424 623 C.
444 574 598 635 Calvisium,
620 575 828 625 contubernalem

67 643 301 756 lill’illll
312 636 490 755 iiiiii?
505 641 829 770 bilbilim

67 774 114 822 stri
124 770 254 823 tribunatu
264 770 463 837 splendidiorem
470 783 494 818 et
501 769 548 819 sibi
557 781 582 818 et
592 773 720 821 avunculo
729 787 776 819 suo
786 770 829 820 ia-

67 836 138 888 cias:
176 835 309 902 Obligabis
327 855 383 899 me,
403 835 530 901 obligabis
546 835 688 886 Calvisium
703 848 827 898 nostrum,

66 903 194 969 obligabis
204 903 297 967 ipsum,
304 919 356 952 non
365 905 451 952 minus
461 903 583 951 idoneum
593 903 744 966 debitorem,
750 919 826 966 quam

66 979 206 1035 nosputss.
239 967 321 1018 Multa
330 967 451 1017 beneficia
466 969 494 1015 in
510 969 606 1016 multos
616 969 756 1017 contulisti:
774 985 825 1018 au·

66 1032 299 1093 muniendae,
318 1035 422 1083 nullum
437 1046 462 1082 te
477 1033 582 1093 melius,
606 1049 684 1098 seque
703 1033 768 1085 bene
783 1035 826 1085 vix

66 1100 477 1150 nnomsntalterumcollocasse.
512 1100 584 1150 Vale.

65 1263 192 1317 Studium
201 1265 347 1326 auditorii,
358 1199 573 1379 paumbecitaret
585 1263 747 1325 orationem,
758 1280 824 1317 com·
899 1290 902 1295 ·

128 1340 218 1398 parat
227 1347 285 1381 cum
293 1331 361 1380 Aere
379 1331 433 1379 inis
443 1330 606 1380 auditoribus
615 1331 739 1382 Rhodiis.

178 1413 210 1463 C.
228 1414 397 1465 PLINIVS
415 1408 570 1463 SPARSO
589 1411 668 1461 SVO
686 1411 714 1462 S.

115 1494 284 1556 Aeschinem,
301 1498 386 1555 siunt,
401 1494 544 1561 petentibus
553 1495 658 1544 Rhodiis
667 1470 756 1558 legisse
767 1507 824 1540 ors-

66 1564 166 1613 tionem
176 1579 263 1621 suam,
278 1560 374 1612 deinde
383 1561 581 1622 Demosthenis,
603 1562 708 1609 summis
723 1569 823 1608 utram-

68 1645 118 1694 que
127 1628 291 1677 clamoribus.
326 1625 404 1692 Quod
419 1639 547 1676 tantorum
563 1629 677 1676 virorum
690 1626 824 1689 contigisse

67 1695 167 1761 seriptis
180 1709 234 1742 non
249 1696 340 1754 miror,
360 1710 442 1758 quum
458 1696 598 1742 orationem
613 1709 696 1744 meam
710 1690 824 1757 proxime

67 1758 207 1810 doctissimi
218 1760 333 1808 homines
344 1759 393 1807 boc
403 1757 500 1817 studio,
520 1759 569 1807 hoc
578 1760 699 1818 adsensu,
715 1759 763 1806 boc
782 1767 823 1807 et·

66 1827 119 1876 iam
130 1825 217 1875 labore
226 1843 273 1892 per
289 1824 400 1875 biduum
414 1822 558 1874 audierint:
580 1827 694 1890 quamvis
704 1824 769 1874 hanc
779 1825 823 1872 in-

67 1894 316 1942 tentionem-eornm
325 1893 398 1940 nulls
412 1889 473 1938 binc
484 1903 507 1938 et
521 1889 701 1952 indemnatis,
721 1890 824 1939 nullum

67 1959 139 2022 qujssi
151 1968 281 2006 certamen
292 1956 450 2005 accenderet·
484 1955 550 2005 Nam
568 1957 660 2007 Rhodii
671 1972 752 2020 quum
762 1954 824 2020 ipsis

67 2026 212 2073 motionum
222 2022 366 2080 virtutibus,
376 2032 431 2069 tum
442 2020 516 2070 etiam
526 2024 719 2088 comparationis
730 2018 823 2073 acitleit

66 2090 250 2138 excitabantur:
274 2099 360 2136 nostra
389 2088 468 2135 oratio
483 2088 538 2136 sine
558 2088 731 2138 aemulationis
747 2086 820 2151 gratis

65 2153 229 2221 probabatur.
264 2151 307 2202 An
317 2154 407 2201 merito
418 2186 425 2207 ‚
436 2153 511 2213 scies,
523 2170 603 2216 quum
613 2155 704 2217 legeris
713 2152 818 2205 libroml

65 2223 137 2285 cuius
147 2216 289 2285 amplitudo
299 2234 351 2267 uon
361 2219 420 2264 sinit
429 2233 471 2265 me
481 2220 595 2283 longiore
606 2220 708 2284 epistola
721 2220 818 2285 praelo·

64 2288 119 2352 qni.
151 2284 261 2350 Oportet
270 2285 340 2331 enim
349 2298 395 2330 nos
405 2282 430 2330 in
441 2281 488 2330 hac
498 2294 571 2342 certe,
582 2286 608 2333 in
618 2300 667 2348 qua
676 2298 814 2350 possumus,

63 2349 227 2402 brevesesse:
238 2365 289 2413 qtso
295 2351 326 2396 sit
332 2350 476 2407 excusatius,
487 2347 556 2412 quod
562 2349 658 2398 librum
665 2351 757 2414 ipsum,
768 2348 813 2397 nin

65 2428 153 2466 umen
161 2415 229 2466 ultra
239 2430 338 2464 caussae
347 2413 551 2478 amplitudinem,
562 2413 730 2465 extendimus.
747 2408 812 2462 Vile·
