1890 2924
352 115 488 170 nr1sr.
514 118 549 170 x.
791 122 824 184 ις

64 220 159 287 pbrsts
173 220 209 268 sit
222 220 340 270 eminent
360 230 385 270 et
404 220 520 279 eluoeut,
540 230 568 269 nt
586 220 748 291 quioeriter
762 238 826 288 quo·

65 303 118 351 que
128 286 216 335 doctos
227 286 362 336 advertant
372 297 398 335 et
408 286 535 355 adhciaqt.
556 287 582 337 l)
618 338 624 343 ,
666 300 678 337 t
689 290 827 349 subtiliter,

66 352 189 417 graviter,
210 363 310 401 ornate:
329 354 479 416 frequenter
497 364 585 407 m
618 350 623 357 ¹
650 350 826 415 'unicornillrm

64 417 253 468 sublimitatem
263 431 288 467 et
300 419 465 480 latitudinem
471 411 584 485 effugit}-
637 428 682 469 mo
693 434 730 470 est
740 423 825 488 copio-

64 499 108 533 sus
119 494 146 531 et
154 486 253 533 rarius:
264 481 347 533 duleis
357 485 384 531 in
393 476 493 550 primi&
502 486 577 549 etqui
583 478 756 551 repugnantes
762 505 825 552 quo-

64 566 116 664 que
135 548 216 599 ‹lnoat
237 563 262 600 et
280 550 403 631 impe-llut-
422 540 466 597 Ad
475 549 682 617 boo,proeoritas
703 556 824 618 corporis,

85 631 159 666 ecors
167 618 252 675 facies,
263 613 389 679 domibus
398 617 516 681 capillus,
528 618 620 680 iugens
630 631 655 666 et
665 636 726 667 caua
733 619 824 670 barbe:

64 698 132 745 quar
141 683 201 732 lieet
211 680 447 734 fortuits·'et'inania
457 695 587 747 putentur,
594 685 635 733 illi
645 695 730 733 tamen
738 686 823 751 pluri-

63 764 141 796 mum
150 744 319 799 venerationis
329 746 477 813 adquirunt·
499 750 595 799 Nullus
605 750 695 799 horror
705 754 729 799 in
741 752 822 811 cultu,

63 814 139 863 nulls
148 816 261 872 tristitia,
281 816 396 863 multum
411 816 564 864 severitatis:
584 816 719 865 reverearis
729 833 823 865 occur·

63 894 133 937 sum,
146 898 198 929 non
208 878 366 929 reformides.
387 880 462 929 Vitae
472 883 589 930 seuctitss
599 899 709 941 summo,
720 884 824 932 comites

63 962 120 1011 per.
130 946 271 997 Insectatur
283 948 349 1003 vitia,
360 963 412 995 uon
423 947 553 996 homiues:
564 964 611 996 neo
622 951 728 1010 castigat
738 966 824 998 erran·

62 1022 111 1070 τοι,
123 1010 168 1062 eod
179 1010 309 1062 emendat.
329 1012 448 1076 Sequaris
459 1026 606 1062 monentem
615 1024 824 1080 attentusetpeu·

61 1076 142 1127 dens:
162 1090 188 1127 et
198 1076 349 1144 persuadere
358 1079 414 1136 tibi,
427 1080 505 1127 etiam
516 1096 597 1143 quum
606 1082 766 1145 persuaserit,
776 1098 824 1130 cu-

63 1143 128 1210 pias.
149 1145 207 1193 Iam
217 1162 277 1194 vero
286 1143 361 1193 liberi
372 1158 430 1202 tres,
441 1143 492 1192 duo
502 1163 596 1205 mares,
607 1163 671 1210 quos
683 1146 825 1211 diligentis·

65 1213 131 1259 sime
142 1213 262 1261 instituit.
284 1210 362 1259 Socer
374 1211 511 1276 Pompeius
521 1212 649 1268 Iulianus,
671 1229 730 1259 curn
741 1224 824 1260 cetera

66 1278 119 1327 vita
126 1311 135 1336 ,
155 1287 214 1327 turn
227 1279 269 1327 rol
281 1277 329 1327 hoo
338 1293 391 1326 uno
401 1294 510 1343 magnus
521 1290 545 1326 et
555 1279 637 1327 clarus
643 1312 651 1334 ‚
672 1276 750 1341 quod,
770 1280 824 1342 ipse

66 1344 213 1408 provinciae
227 1345 355 1409 princeps,
376 1344 442 1392 inter
452 1344 584 1392 altissimos
594 1340 760 1402 conditiones,
776 1360 824 1406 ge-

67 1425 169 1469 nerum,
185 1427 238 1458 non
248 1410 389 1458 honoribus
398 1412 551 1475 principem,
566 1409 612 1457 sed
622 1409 752 1471 sapientis,
768 1411 825 1456 ele-

68 1478 114 1539 gir.
129 1476 295 1540 Quamquam
305 1476 367 1540 quhl
377 1491 426 1539 ego
436 1477 510 1540 plura
521 1471 553 1521 de
564 1476 626 1531 viro,
636 1489 688 1538 qno
700 1471 762 1521 mihi
775 1475 826 1523 frui

67 1540 209 1590 nonlicet?
228 1540 271 1591 An
282 1554 311 1591 ut
322 1543 401 1606 tnagis
412 1556 500 1604 angar,
518 1537 586 1603 qnod
598 1556 649 1587 non
660 1536 738 1586 licet?
758 1540 825 1590 Nam

66 1604 206 1671 distringor
215 1607 305 1667 officio,
320 1620 349 1656 ut
359 1609 477 1665 maximo,
487 1607 524 1655 ric
533 1606 721 1654 molestissimo.
742 1604 826 1655 Sedeu

85 1672 257 1736 rudibundi,
277 1674 386 1722 subnoto
397 1673 505 1729 libellos,
521 1673 629 1720 conficio
639 1672 749 1721 tabulas:
763 1676 825 1722 scri-

66 1691 98 1787 lio
108 1741 249 1806 plurimas,
269 1738 313 1788 sed
323 1737 626 1801 illiteratizsimas.„soteo
637 1755 825 1803 nonuunquam

36 1848 42 1857 .
67 1805 137 1867 (nom
147 1805 176 1854 id
186 1807 271 1870 ipsum
281 1804 384 1871 quando
394 1802 547 1869 contingitl)
558 1802 590 1852 de
601 1803 637 1853 his
653 1807 825 1868 occupationi-

65 1871 113 1920 Ῑιιιι
123 1870 196 1937 apud
205 1870 365 1936 Euphratem
375 1871 455 1933 queri.
471 1870 519 1918 llle
529 1870 732 1931 meconsolstur5
743 1869 824 1918 adfir-

65 1948 117 1987 mat
129 1937 211 1987 etism
221 1953 275 1986 esse
285 1936 351 1986 hanc
361 1935 544 2001 philosophiae,
555 1947 579 1984 et
590 1934 695 2000 quidem
704 1935 824 2001 pulcher·

67 2004 159 2053 rimsm
170 2016 278 2069 partem,
293 2019 367 2068 agere
378 2002 513 2066 negotium
521 2000 663 2066 publicum,
682 2016 824 2065 cognosce-

66 2087 100 2128 re,
111 2069 237 2129 iudicare,
257 2085 375 2134 promere
388 2081 413 2116 et
428 2083 542 2115 exercere
549 2069 690 2126 iustitiam·
706 2084 823 2132 quaeque

67 2137 113 2201 ipsi
124 2136 248 2193 doreant,
268 2136 297 2183 in
307 2150 356 2183 usu
366 2133 468 2183 habere.
489 2130 555 2181 Mihi
575 2146 659 2183 tamen
680 2132 728 2180 boo
739 2149 823 2183 unum

20 2220 23 2225 ·
67 2220 116 2251 non
125 2200 276 2269 persuadet,
297 2203 374 2251 satius
385 2216 439 2248 esse
449 2202 495 2248 ista
505 2200 597 2260 lacere,
617 2216 697 2263 qusm
707 2216 766 2248 cum
777 2200 822 2248 illo

67 2267 119 2317 dies
128 2280 197 2318 totos
207 2265 336 2317 audiendo
346 2263 517 2330 discendoque
527 2280 683 2313 consumere.
699 2265 757 2328 Quo
767 2282 822 2316 ms·

67 2336 103 2397 gis
112 2347 146 2396 te,
156 2336 199 2382 cui
214 2344 293 2393 vacat,
304 2332 399 2392 hortor,
417 2349 499 2396 quum
510 2332 539 2379 in
547 2331 638 2380 urbem
649 2332 767 2395 proxime
777 2347 822 2380 ve·

66 2403 145 2464 neris,
167 2397 266 2464 (venias
281 2410 367 2449 sutem
377 2396 410 2448 ob
426 2398 475 2447 hoo
484 2396 624 2457 maturina)
641 2397 680 2444 illi
691 2408 716 2445 te
726 2396 823 2460 expoli-

67 2466 167 2517 endum
185 2465 384 2530 Hmsudumque
402 2464 541 2532 permittes.
566 2462 656 2526 Neque
676 2462 750 2510 enim
768 2476 831 2524 ego,

68 2543 95 2581 ut
112 2533 203 2592 multi,
223 2532 327 2582 invideo
345 2533 401 2581 sliis
418 2530 501 2589 bono,
523 2546 577 2599 quo
599 2530 658 2599 ipse
679 2543 774 2588 carew,
793 2523 847 2574 seh

69 2608 154 2649 eontra
178 2615 279 2650 sensum
304 2596 435 2663 quendam
465 2598 695 2671 voluptatemque
719 2593 864 2663 percipio,
