1890 2924
146 168 202 235 124
375 142 406 216 css
423 119 704 221 inurimur.

145 287 201 320 rem
207 268 318 327 suasisti,
328 266 391 316 ilum
402 277 476 332 putas
487 263 638 315 insalubres.
663 265 697 314 Et
706 262 862 331 sanegr's‘sis
874 280 900 320 et

178 337 314 385 stilensorn
321 336 473 390 Tirscorum‚
481 348 544 396 quse
553 333 668 397 perlitus
679 331 835 382 extenditur.
848 334 899 384 Sed

144 352 177 450 lie
182 402 272 467 presul
282 419 296 449 a
307 399 371 448 mari
381 409 552 447 recesserunt:
579 399 640 462 quin
649 398 736 447 etiarn
749 397 899 463 Apennino,

145 467 315 517 suluberrImo
324 468 469 522 montium,
488 464 628 513 subiacent.
658 461 750 528 Atque·
765 465 851 525 aden,
871 480 900 517 ut

144 550 249 583 omnem
260 549 306 598 pro
316 549 358 581 me
368 543 562 595 metumpouas,
573 530 657 594 accipe
663 532 816 595 temperiem
823 533 899 593 coeli,

143 599 253 664 regionis
263 600 353 656 situm,
364 597 438 646 villae
448 596 640 644 amoenitatem:
657 612 722 659 quae
734 607 758 644 et
768 597 813 647 sihi
824 600 899 649 stuli·

143 675 186 726 tu,
208 677 232 714 et
242 664 308 715 milri
317 666 399 714 relatu
409 660 520 711 iucunda
531 672 614 710 erunt·
643 658 756 710 Caelum
766 675 805 712 est
815 662 911 715 lsiense¹

142 727 899 795 frigidnmetgellslum‚myrtns‚0leas‚quueqnealiaassiduo

143 809 230 863 tepore
236 799 370 858 laetantur,
377 805 526 860 aspernatur
535 809 564 842 ae
573 795 682 859 respuit:
696 795 801 845 laurum
810 807 899 848 tumen

142 865 250 929 patitur,
270 873 345 926 utque
356 862 434 910 etiam
441 858 623 908 nitidissimam
632 859 740 924 profert:
750 860 897 925 ¹interdurn,

143 928 188 979 sed
200 946 251 977 nnn
261 931 359 992 saepius
368 943 446 992 quam
456 926 503 975 sub
515 922 577 973 urbe
583 936 676 983 nostra,
687 937 771 975 necat.
787 925 897 978 Aestatis

141 997 208 1043 mira
218 995 364 1043 elementiae
394 992 502 1058 Semper
512 1008 554 1040 aer
563 993 654 1056 spiritu
664 992 751 1058 aliquo
760 1007 895 1058 movetur3

141 1055 299 1123 lrequesstisss
309 1069 393 1108 tamen
403 1075 485 1116 miras,
496 1070 672 1121 quamventos
680 1056 768 1107 habet.
779 1059 845 1108 Hine
857 1078 897 1110 se·

141 1142 186 1175 nes
196 1126 292 1175 multos
302 1123 394 1184 videas,
405 1139 465 1174 asos
475 1124 632 1188 prensosque
644 1123 840 1188 iamiuveuum3
851 1144 895 1177 au·

141 1189 197 1240 dias
206 1191 304 1239 fabulas
316 1201 432 1248 veteres,
450 1204 631 1253 sermonesque
645 1191 785 1239 maiorum:
801 1208 897 1255 quum·

141 1257 302 1321 quereneris
313 1256 372 1314 illu,
388 1265 461 1320 putes
470 1255 522 1304 alio
533 1265 557 1302 te
563 1255 650 1303 seculo
660 1264 757 1304 natum.
775 1256 897 1322 Regionis

140 1323 222 1373 forms
242 1321 433 1388 pulcherrima.¹
452 1320 595 1385 Imaginare
615 1319 832 1386 amphitheatrum
842 1325 894 1375 ali-

141 1387 211 1453 qued
227 1393 398 1447 immensum,
420 1397 446 1435 et
460 1388 535 1451 quale
551 1387 604 1436 solu
619 1402 708 1437 rerum
718 1399 807 1438 natura
816 1391 897 1456 possit

141 1454 271 1521 effingere.
291 1453 355 1504 Lata
364 1464 390 1503 et
399 1451 490 1502 diffusa
499 1451 619 1517 planities
628 1452 895 1521 montibus'uingitur.

138 1535 239 1573 montes
260 1537 360 1570 summa
376 1522 415 1570 sui
429 1529 500 1584 parte
515 1533 620 1584 procera
635 1535 740 1568 nemora
756 1531 781 1569 et
790 1522 895 1587 antique

141 1585 255 1635 liabent..
271 1588 402 1650 Frequens
415 1585 483 1634 ibiet
494 1585 562 1633 varis
577 1585 689 1633 venatio:
709 1584 769 1634 iude
784 1587 895 1638 eaeduse

141 1653 291 1701 silvaeeurn
301 1654 357 1716 ipsu
367 1661 453 1700 monte
464 1648 636 1699 descendunt:
651 1648 696 1698 has
705 1651 773 1699 inter
783 1654 894 1719 pingues

140 1718 285 1781 terrenique
305 1719 383 1766 colles
398 1715 491 1780 (neque
503 1716 573 1765 enirn
582 1715 656 1765 facile
665 1731 784 1779 uuqusm
792 1735 893 1779 saxum,

140 1784 218 1831 etiam
229 1785 251 1830 si
261 1793 406 1846 quaeratur,
416 1781 536 1844 occurrit)
547 1779 701 1846 planissimis
712 1787 809 1849 campis
819 1785 893 1835 ferti·

142 1849 211 1898 litate
221 1864 273 1896 uun
284 1846 388 1908 cedunt,
399 1849 563 1913 opimamque
573 1862 683 1896 messem
692 1848 773 1896 serius
783 1860 893 1912 tanturn,

139 1912 185 1963 sed
194 1929 247 1962 nun
262 1914 348 1963 minus
366 1923 533 1979 percoquunt.
567 1911 622 1963 Sub
633 1913 672 1962 his
682 1930 728 1978 per
738 1915 805 1965 latus
816 1933 894 1967 omne

138 1981 232 2029 vineae
246 1981 426 2045 porriguntur,
450 1994 581 2043 unumque
596 1979 710 2028 laeieml
792 1983 894 2047 lateque

138 2055 291 2106 contexunt5
311 2062 420 2111 quarum
433 2064 447 2095 a
462 2048 512 2095 fine
528 2047 631 2110 imoque
642 1995 841 2162 quasiffigine
853 2066 894 2098 sr-

137 2109 212 2160 busts
223 2123 371 2161 nascuntur.
389 2112 461 2162 Prata
470 2109 540 2171 inde,
551 2112 692 2177 campique.
700 2108 714 2155 .’
781 2115 817 2181 pi,
829 2132 893 2180 quos

138 2193 189 2226 uon
196 2179 245 2226 nisi
255 2179 370 2242 ingentes
376 2178 453 2227 hoves
461 2177 626 2227 etlortissima
634 2188 713 2226 aratra
720 2179 892 2245 perfringunt.

128 2244 227 2305 ,Tauris
245 2243 327 2308 glebis
343 2246 534 2293 tenacissimum
549 2244 653 2302 solum,
673 2260 755 2306 quum
776 2249 893 2310 primum

137 2320 291 2375 prosecatur,
302 2307 426 2375 adsurgit,
436 2320 465 2357 ist
474 2325 542 2356 nouo
551 2310 658 2359 demum
669 2310 741 2357 sulco
752 2311 893 2372 perdome-

138 2382 189 2425 tur.
209 2375 283 2425 Prata
290 2375 381 2424 florida
392 2387 417 2423 et
427 2391 553 2438 gemmea,
564 2375 700 2430 trifolium,
710 2375 823 2438 aliasque
834 2377 894 2424 her-

138 2440 198 2501 bas,
218 2453 317 2490 teneras
328 2458 428 2507 semper
438 2453 463 2489 et
472 2441 565 2488 molles
575 2472 583 2499 ,
604 2449 629 2487 et
638 2441 710 2501 quusi
720 2455 799 2490 nutas
809 2443 893 2491 alunt.

140 2502 239 2556 Cuncta
250 2510 322 2556 enim
337 2507 491 2572 perennibus
506 2508 568 2553 rivis
587 2507 750 2555 nutriuntur:
780 2507 826 2556 sed
846 2509 892 2556 ubi

135 2571 545 2640 aquaeplurimum,palusuulla;
556 2570 717 2635 quiadevexa
728 2582 804 2633 terre,
815 2572 893 2637 quid-

122 2636 195 2697 auid
198 2640 314 2709 liquoris
323 2643 433 2710 accepit,
448 2653 497 2693 nec
508 2637 647 2702 absorbui,
660 2636 804 2688 elluuditin
811 2639 890 2688 Tibe-
