1852 2918
143 132 198 188 378
333 124 363 175 C.
382 118 512 173 PLINII
530 116 715 169 suevum

143 221 277 275 meminitl
293 224 413 273 ntltrilla
424 209 644 288 tuaairnplicitaa'?
662 228 710 269 tua
721 222 829 283 veritae,
845 232 893 271 tunt

143 292 239 341 candor
254 287 411 356 agnoscitur!
432 299 469 348 ut,
489 291 510 338 ai
520 289 576 352 quia
588 301 645 333 eam
655 288 731 335 uxori
742 298 803 336 tuae
815 288 893 337 conle·

142 372 189 419 rat,
200 359 315 407 dubitare
325 367 436 419 cogatur,
456 364 545 403 utrum
555 354 588 400 sit
598 350 726 401 efficacia·
737 352 770 402 ad
782 366 849 403 recte
858 354 893 402 ri·
919 387 922 396 ·

142 422 265 483 rendum,
284 422 351 470 bene
362 417 468 481 innatant,
489 430 533 469 aut
541 418 650 467 feliciter
659 422 744 469 nauci.
776 420 895 469 uittae

142 504 196 540 tam
208 504 319 556 pronum
329 485 362 536 ad
372 487 519 545 atmntratea,
529 499 608 561 quam
617 486 770 547 aemulatio,
792 488 821 535 in
830 486 894 535 letul-

143 558 184 605 uia
194 556 357 621 praesertim:
377 569 404 601 ea
415 568 491 617 porro
502 566 613 601 nuxrme
623 552 737 601 nascitur
747 569 781 602 ex
791 554 894 603 coaluu-

142 623 234 680 ctione,
244 620 321 670 alitur
330 620 485 684 aequalitate,
496 616 634 668 exardeacit
643 618 760 679 invidia,
782 622 854 669 cuiue
870 617 894 667 l·

142 688 182 736 nia
196 699 235 738 eat
245 686 342 737 odium.
375 686 435 748 Quo
447 683 553 747 quidem
562 681 744 732 admirabilius
754 687 895 739 exiatiman·

143 753 206 803 dum
218 764 264 812 eat,
275 752 344 817 quod
353 750 504 800 mulieribus
516 747 614 797 duabua
624 750 651 797 iu
662 765 716 799 uua
726 748 819 811 domo,
829 753 893 818 pati·

161 836 194 867 ue
213 819 313 867 fortuna
325 852 332 875 ,
352 818 458 865 nullum
468 828 609 872 certamen,
628 816 701 866 trulla
713 819 847 868 contentio
856 827 895 867 ert·

143 836 294 948 buspiciunt
305 884 424 943 invicem,
444 883 555 931 invicem
577 878 687 930 cedunt:
718 900 856 949 quumque
873 892 896 933 te

142 960 250 1014 utraque
262 949 412 999 elluaiaaime
422 947 520 1012 diligat,
530 945 596 996 nibil
605 962 650 996 aua
659 959 756 1011 putant
766 950 893 1010 intereare,

141 1026 224 1065 utram
234 1026 262 1064 tu
272 1018 437 1079 megiaamea.
447 1013 520 1063 ldem
529 1014 631 1077 utrique
641 1017 821 1079 propoaitum,
831 1016 895 1066 idem

140 1093 215 1131 tenor
226 1084 300 1139 vitae,
311 1080 434 1143 nihilque,
456 1096 486 1129 ex
496 1096 548 1145 quo
557 1080 651 1128 tentiae
671 1078 738 1129 duaa
758 1098 826 1132 eree.
860 1080 894 1131 'fc

140 1149 210 1197 enim
219 1148 321 1206 imitari,
333 1159 357 1196 te
367 1146 485 1210 aubaeqtri
492 1142 603 1194 atudcnt.
619 1141 683 1193 Ideo
692 1157 805 1212 utraque
815 1162 893 1197 motet

139 1213 253 1272 eoadem,
272 1215 330 1279 quia
340 1223 446 1276 utraque
461 1224 525 1271 tuos,
545 1210 633 1259 babet:
663 1208 728 1259 iude
745 1212 893 1269 moderatio,

140 1279 201 1329 inde
212 1279 288 1329 etiam
298 1289 418 1346 perpetua
428 1279 556 1327 recutitur.
577 1276 668 1340 Neque
688 1280 763 1328 enim
782 1294 893 1344 nuqum

138 1345 351 1410 periclitabuntur
361 1360 413 1392 eaae
422 1346 543 1409 privatae,
554 1358 618 1407 quae
628 1358 681 1391 uon
692 1342 837 1394 darier-unt·
843 1344 892 1395 01)-

138 1412 232 1460 tulerat
243 1413 292 1461 iltis
302 1421 403 1460 senatur
414 1425 557 1474 cognomen
564 1407 750 1473 Augustarum,
762 1412 836 1475 quod
844 1426 892 1461 oer-

138 1479 212 1527 tatim
222 1476 366 1542 deprecatae
376 1486 444 1537 aunt,
460 1493 539 1541 quam
548 1473 593 1523 diu
603 1475 811 1539 appellationem
821 1478 892 1545 patria

136 1547 234 1607 patriae
245 1554 272 1592 tu
282 1557 435 1593 recuaaaaeaz
467 1558 513 1591 eeu
528 1539 596 1607 quod
612 1541 670 1605 plue
680 1556 737 1589 eece
747 1543 778 1591 in
789 1560 821 1592 eo
831 1542 891 1593 iudi·

137 1609 235 1671 cabant,
247 1611 267 1658 ei
278 1623 343 1661 uror
353 1620 379 1657 et
388 1625 459 1657 soror
469 1620 510 1657 tua
521 1642 528 1665 ,
548 1624 626 1671 quam
641 1608 662 1653 ai
676 1605 816 1672 Auguatae
826 1610 891 1660 dice·

136 1685 235 1725 rentur.
256 1674 306 1725 Sed
320 1691 485 1740 quaecunque
495 1675 546 1722 illia
556 1674 620 1722 ratio
630 1683 728 1721 tantam
739 1674 890 1727 modeatiato

137 1743 230 1799 euaait3
249 1740 298 1788 boc
309 1756 392 1805 magra
403 1739 493 1805 dignae
502 1750 569 1800 aunt,
580 1754 645 1804 quae
655 1738 682 1786 in
692 1741 793 1790 animia
802 1743 890 1790 noenia

137 1816 163 1852 et
173 1806 223 1852 rint
233 1816 258 1855 ct
268 1805 410 1856 habeantur
420 1817 550 1870 augustae,
558 1808 674 1869 quiauou
682 1806 890 1871 vocantur-Quid

138 1871 209 1919 enim
219 1869 372 1921 laudabilior
383 1873 495 1934 seminia,
515 1887 593 1936 quam
611 1870 633 1920 ai
652 1886 746 1920 verum
766 1872 889 1923 bonorem

136 1951 190 1983 non
200 1938 226 1984 in
237 1936 372 2003 splendore
382 1940 525 1999 titulorum,
545 1935 590 1986 sed
601 1938 626 1984 in
637 1936 742 1986 iudiciis
751 1936 889 1989 bominum

135 2015 269 2066 reponant,
279 2005 432 2068 magnisque
442 2003 588 2055 nominibus
598 2017 671 2071 parea
682 2017 712 2053 ae
730 2003 836 2067 satiant,
853 2016 889 2055 et·

136 2067 187 2115 iam
198 2067 263 2118 (lum
272 2070 406 2122 recusant?

184 2132 314 2186 LXXXV.
332 2135 388 2187 lam
398 2137 474 2186 etlam
484 2148 508 2187 et
517 2138 542 2186 iu
554 2136 714 2203 privatorum
725 2139 822 2191 animia
833 2156 887 2191 exo·

134 2200 231 2250 leverat
240 2200 352 2266 priacum
362 2205 514 2254 mortalium
522 2205 630 2261 bonum,
641 2205 762 2263 amicitia,
779 2210 853 2256 cuiue
861 2208 887 2255 in

133 2266 220 2316 locum
230 2268 402 2330 migraverant
412 2271 599 2328 cruentationea,
615 2267 765 2329 blanditiae,
786 2283 812 2322 et
839 2274 888 2323 eior

134 2332 194 2384 odio
216 2336 309 2384 amorio
326 2334 462 2383 simulatio.
491 2335 596 2385 Etenim
611 2336 637 2383 in
653 2291 888 2402 principumdmuo

134 2416 230 2450 nomen
240 2411 339 2451 tantum
353 2401 492 2460 amicitiae,
512 2403 586 2451 inane
605 2403 701 2449 scilicet
721 2404 886 2470 irritumque,

128 2466 259 2520 manebat.
289 2467 359 2521 tiam
377 2484 442 2535 quae
459 2478 557 2534 poterat
572 2483 624 2515 eoae
635 2469 701 2515 inter
713 2472 886 2530 eoaamicitia,

124 2554 244 2604 qttorum
253 2538 307 2592 tibi
318 2536 363 2591 all't
372 2534 486 2598 domiui,
503 2535 549 2585 alil
565 2534 632 2581 aerei
645 2532 816 2586 ridebantur?
847 2540 885 2587 Τιι

117 2606 313 2682 hancputaam
322 2621 348 2665 et
359 2594 897 2665 errantamreuuiuutumuana‘m,qm
