1890 2924
104 139 139 195 95
328 123 358 175 c.
377 121 513 180 rotun
531 119 604 176 mr.
623 122 677 175 rr.
713 122 721 136 ‘

103 236 184 291 enim,
193 223 263 296 ¹quod
272 224 409 276 honoribus
420 222 472 272 eins
482 224 603 280 insistam,
614 237 690 286 quem
699 218 823 272 aemulari
833 219 860 271 in'

104 296 193 350 studiis
198 293 281 361 cupio.
291 289 343 340 sed
353 293 459 351 utinam,
469 301 498 338 ut
506 287 673 336 sacerdotium
683 287 753 336 idem
765 298 790 335 et
799 303 861 335 con·

104 366 223 423 sulatum,
232 360 315 408 multo
325 357 401 404 etiam
410 357 525 403 invenior
535 370 612 417 quam
623 355 679 412 ilie,
699 368 757 401 sum
767 367 861 400 eonse-

104 439 212 494 quutnsr
230 427 264 474 ita
274 437 350 471 senex
358 421 448 469 saltem
458 422 593 484 ingenium
604 421 657 467 eius
667 421 750 480 aliqua
761 433 793 466 ex
801 433 861 483 par·

104 505 131 543 te
143 491 247 556 adsequi
262 485 371 554 pessimi
393 484 446 534 sed
463 486 587 535 nimirum
597 501 662 549 quae
672 495 732 531 sunt
743 485 770 531 in
781 499 860 534 manu

103 557 251 614 hominum,
272 564 299 602 et
311 551 377 602 mihi
392 562 417 600 et
426 553 512 601 multis
522 551 696 616 contigeruntt
713 546 780 598 illud
799 564 860 600 vero

103 635 132 672 nt
137 622 241 689 adipisci
250 618 413 678 arduum,sio
423 620 517 666 etiams
536 632 606 666 erare
617 614 726 667 nimium
736 627 780 675 est,
790 611 860 681 quod

105 689 160 741 dari
170 688 221 739 nisi
230 704 245 737 a
254 682 303 734 diis
311 699 364 734 non
372 693 464 749 potest.
523 683 572 732 ale.

458 778 506 830 lX.

104 855 223 914 Narrat,
239 851 416 911 Baeaumfee
424 844 554 912 Bithynia
563 845 768 912 repetundarum
777 862 859 906 reurn,

169 937 189 971 a
197 935 226 970 ee
235 915 369 984 dffensum
379 913 569 979 liberorumque
578 928 645 963 erse.

232 997 264 1048 C.
282 991 579 1054 Putulvsvuso
598 993 679 1046 SVO
700 994 728 1044 S.

156 1078 278 1131 Canssam
307 1095 334 1126 er
340 1076 386 1126 hos
397 1075 450 1124 dies
458 1074 522 1125 dixit
531 1074 612 1124 lulius
624 1075 721 1136 Bassus,
731 1074 810 1125 homo
819 1075 860 1125 ia»⁴

103 1147 220 1196 hoa-iosus
229 1155 255 1192 et
264 1163 278 1194 n
298 1145 376 1193 versis
387 1142 440 1191 suis
450 1144 538 1190 olrrna.
548 1138 687 1190 Accusatus
698 1152 735 1190 est
746 1142 793 1191 suh
804 1141 859 1190 Ve-

102 1214 216 1279 spasiano
225 1229 240 1258 a
250 1210 352 1275 privatis
364 1207 476 1257 duobus:
495 1206 528 1256 ad
536 1219 653 1256 senatum
667 1208 798 1266 remissus,
813 1205 859 1257 diu

103 1277 239 1346 pependit,
250 1273 402 1338 tandemque
412 1273 540 1322 absolutus
551 1271 742 1337 vindicatusque
752 1282 797 1321 est.
812 1273 858 1322 ri-

103 1357 160 1394 tum
170 1343 264 1403 timuit,
275 1353 303 1390 ut
313 1339 453 1388 Domitiani
463 1340 570 1399 amicus3
580 1357 594 1387 a
605 1338 750 1389 Domitiano
759 1340 857 1402 relega·

104 1420 145 1460 tus
155 1420 200 1458 est.
219 1408 356 1458 Revocatus
365 1423 378 1454 a
388 1404 481 1463 Nerva,
492 1406 645 1470 sortitusque
655 1404 807 1471 Bithyniam,
816 1420 857 1453 re·

103 1475 151 1525 diit
158 1491 228 1536 reus,
247 1483 373 1523 aecusatus
385 1488 435 1520 non
444 1472 529 1520 minus
539 1474 642 1530 acriter,
662 1486 740 1535 quana
749 1470 858 1522 fideliter

104 1539 235 1591 defensus:
254 1541 334 1589 varias
344 1540 476 1586 sententias
486 1535 582 1598 habuit,
592 1536 677 1603 plures
687 1547 780 1599 tamen,
790 1553 859 1602 qna·

103 1609 125 1656 si
133 1607 256 1656 mitiores.
266 1604 326 1669 Egit
335 1613 421 1651 eontra
430 1617 490 1651 eum
501 1601 657 1668 Pomponius
665 1602 753 1663 Rufus,
760 1606 802 1662 ,vir
812 1620 858 1668 pa·

103 1680 171 1721 ratus
181 1682 206 1719 et
215 1669 359 1720 vehemens.
386 1667 454 1716 Rufo
463 1671 580 1718 successit
590 1667 770 1733 Theophanes,
789 1683 859 1719 unus

104 1751 137 1786 ex
144 1735 289 1800 legatis,sax
299 1734 460 1782 accusationis
466 1746 491 1783 et
496 1736 576 1798 origo.
585 1733 714 1798 Respondi
724 1748 779 1800 ego:
790 1734 857 1787 Nam

103 1799 169 1850 mihi
178 1799 268 1849 Bassus
288 1798 447 1856 iniunxerat,
471 1811 500 1848 ut
517 1802 593 1849 totius
603 1799 755 1850 defensionis
765 1799 858 1851 funda·

102 1875 189 1916 monta
198 1867 320 1914 iaoerem:
336 1861 446 1913 dicerem
455 1864 488 1913 de
497 1867 651 1917 ornamentis
661 1867 724 1927 suis,
740 1864 804 1932 quae
816 1867 857 1917 illi

101 1930 600 2047 tuttit‘zit'itisisttitsstflt
608 1933 856 2048 ,rm

101 2061 240 2124 habebant,
268 2013 381 2110 dteeiem
399 2078 511 2128 caussas,
536 2014 856 2128 quibieqiietiousiiiimm

138 2143 248 2191 emque,
266 2139 295 2176 nt
303 2128 379 2177 illum
389 2129 472 2193 ipsum
481 2127 680 2194 Theophanem,
698 2128 853 2181 offendisset.

100 2144 223 2243 iiuundem
233 2210 276 2244 me
285 2194 398 2244 voluerat
407 2210 534 2243 occurrere
545 2195 657 2256 crimini,
679 2213 730 2260 quo
742 2196 855 2247 maxima

100 2257 275 2325 premebatur:
284 2263 311 2311 in
321 2259 375 2309 aliis
384 2262 461 2319 enim,
472 2262 587 2324 quamvis
592 2258 681 2310 ruditu
688 2262 854 2326 gravioribus,

100 2339 155 2375 non
162 2322 345 2375 absolutionem
350 2325 434 2385 modo,
445 2342 534 2375 verum
544 2326 618 2376 otiam
628 2325 729 2376 laudem
740 2328 855 2378 mereba-

103 2399 153 2440 tur.
175 2390 232 2441 Eoo
240 2393 316 2441 illurn
325 2391 386 2440 alias
397 2391 528 2451 onerabo,
544 2391 612 2457 quod
623 2392 700 2441 homo
709 2394 819 2459 simplex
828 2405 856 2447 et

101 2456 216 2507 inautus
226 2456 350 2523 quaedam
360 2473 374 2504 a
384 2457 587 2521 provincialibus,
597 2471 626 2507 ut
635 2460 722 2507 amicis
727 2493 737 2519 ,
822 2477 866 2509 e·.

92 2535 144 2570 nt.
177 2522 247 2573 Nam
263 2523 346 2573 suerat
361 2523 389 2571 in
398 2524 526 2589 provincia
537 2523 625 2574 eadem
635 2472 856 2591 quaestoriam

79 2591 324 2644 mwtoreufam
334 2606 364 2645 ac
373 2591 494 2659 rapinas,
505 2590 560 2659 ipse
570 2589 800 2640 muneruouiutt
807 2591 853 2641 aed
