1890 2924
154 158 210 221 ηε
415 152 444 204 c.
463 152 689 218 rcrutrrru.
706 154 741 207 v.

153 270 198 305 cus
208 264 234 301 st
242 255 376 312 flexuosus,
392 251 485 302 deinde
496 253 581 319 plures
592 255 695 318 figurae,
706 254 844 319 ,pluraque
855 259 905 306 no'·

152 323 231 370 mirra.
242 319 362 384 incapite
372 320 511 370 stibadium
520 318 628 368 candido
639 336 776 380 marmore,
788 324 838 371 vite
849 341 906 389 pro·

151 381 354 449 tegitur.‘Vitem
361 397 473 449 ¹quatuor
482 386 635 434 columellae
647 385 775 451 Carystiae
786 388 905 443 subsunt

150 451 175 503 E
184 448 291 499 strba'd'ro
307 468 370 514 aqua
381 487 388 512 ,
410 453 481 500 uelut
491 467 606 517 expressa
617 452 767 502 cubantium
780 451 905 522 pondere,

150 515 410 587 siphuncttliscffluit3
428 529 525 568 'cavato
536 517 619 586 lapide
639 520 792 584 suscipitur,
813 525 904 584 gracili

148 602 278 637 marmore
298 587 459 646 continetur,
479 597 555 652 atque
577 587 611 634 ita
628 587 725 635 occulte
737 597 902 651 temperatur,

150 655 181 703 ut
195 654 307 718 impleat,
325 651 517 701 uecreduntlet.
543 652 728 712 Gustatorium,
750 655 903 720 graviorque

149 719 276 776 coenatio,
296 716 406 782 margini
420 719 576 782 impunitum
595 718 675 767 levior
690 718 867 770 navicularum
879 730 904 771 et

148 786 238 843 svium
256 785 344 849 figuris
364 786 480 833 innatans
499 785 599 832 circuit.
629 781 723 832 Contra
733 783 801 832 frons
821 788 911 851 egerit·

149 868 244 916 aquam
259 862 283 897 et
297 851 398 914 recipit:
427 867 487 899 uam
498 850 602 914 expulsa
614 851 641 897 in
654 851 735 898 altum
747 851 774 898 iu
785 867 812 899 se
822 850 901 912 cadit,

148 918 291 980 iunctisque
302 915 411 965 hiatibus
421 926 446 963 et
456 916 601 965 absorbetur
611 925 636 963 et
645 915 751 964 tollitur.
763 917 785 964 E
795 920 902 982 regione

148 978 249 1033 stibadii
268 977 405 1031 adversum
424 981 687 1030 cubiculumtantum
701 980 809 1030 stibadio
818 983 903 1033 reddit

149 1056 261 1106 ornatus,
271 1058 398 1109 quantum
410 1049 501 1112 accipit
510 1047 542 1096 ab
552 1048 608 1094 illo.
638 1045 663 1095 A
672 1064 800 1096 marmore
810 1050 904 1115 splen·

149 1110 200 1171 det,
211 1112 291 1159 valvis
301 1111 326 1160 in
337 1110 427 1161 viridia
439 1115 568 1178 prominet
578 1115 678 1163 etexit:
694 1113 742 1161 alia
753 1115 845 1165 viridia
854 1132 901 1165 su-

145 1177 288 1245 perioribus
299 1177 514 1242 inferioribusque
522 1180 636 1229 fenestris
656 1180 761 1243 suspicit
776 1178 901 1247 despicit·

146 1267 204 1318 que.
227 1244 429 1299 Moezortecuta
440 1245 534 1314 refugit
544 1247 615 1313 quasi
625 1245 814 1298 iucubiculurn
829 1245 903 1302 idem

148 1313 306 1382 stquesliud.
318 1313 410 1365 Lectus
420 1316 468 1376 hic,
480 1329 504 1365 et
512 1314 625 1380 undique
636 1315 766 1372 fenestrae,
777 1324 900 1364 ettamen

145 1383 238 1433 lumen
247 1383 383 1445 obscurum
391 1381 492 1431 umbra.
499 1393 643 1448 premente.
674 1381 741 1430 Nam
760 1381 899 1430 laetissima

145 1450 206 1498 ritis
216 1466 262 1515 per
271 1465 349 1498 omne
361 1459 457 1497 tectum
466 1449 493 1498 in
504 1450 609 1497 culmen
619 1448 712 1495 nititur
721 1458 746 1494 et
756 1445 898 1498 adscendit·

144 1514 204 1567 Nou
215 1532 286 1565 secus
296 1513 339 1574 ibi,
349 1531 428 1580 quam
438 1515 466 1562 irs
476 1531 589 1573 nemore,
609 1514 700 1561 iaceas:
720 1511 831 1562 imbrem
842 1526 898 1568 tam

145 1592 211 1643 turn,
224 1594 343 1644 tanquam
353 1584 378 1629 ic
393 1585 515 1640 nemore,
534 1597 587 1627 nou
597 1579 698 1628 sentias.
728 1578 777 1626 llic
793 1595 899 1645 ,quoquc

143 1647 203 1696 fons
211 1649 331 1708 nascitur,
347 1645 480 1709 simulque
490 1633 649 1695 subducitur.
669 1643 738 1692 Sunt
746 1644 806 1693 locis
816 1647 899 1711 pluri·

144 1712 194 1761 bus
203 1711 326 1776 slisposita
336 1709 423 1760 sedilis
443 1727 456 1758 e
471 1727 598 1760 marmore
609 1726 700 1776 ,quac
722 1709 897 1762 ambulatione

144 1777 232 1834 fessos,
243 1787 272 1825 ut
282 1777 431 1824 cubiculum
441 1777 535 1842 ipsum,
546 1778 641 1826 iuvant.
670 1776 797 1826 Fonticuli
808 1775 898 1827 sedili·

144 1840 193 1890 bus
202 1840 325 1903 adiacent,
344 1859 391 1906 per
400 1853 481 1891 totum
492 1843 693 1907 hippodromum
702 1842 811 1892 inductis
822 1845 898 1893 fis‘tu·

143 1909 178 1958 lis
187 1917 304 1972 strepunt
312 1907 367 1966 riui,
378 1918 410 1967 et,
421 1925 469 1971 qua
484 1926 573 1957 manus
584 1908 665 1967 duxit,
675 1920 828 1973 sequuntur.
848 1910 897 1960 H'u

145 1990 216 2024 nunc
226 1972 381 2031 illa-viridia,
399 1973 549 2034 urracham,
569 1973 699 2024 interdum
710 1975 788 2025 simul
799 1977 896 2035 omnis,

144 2042 273 2089 iurantur.
301 2039 426 2088 Vitassem
437 2038 603 2100 iamdudum,
623 2057 656 2089 ne
667 2038 766 2090 rident·
774 2044 896 2105 argutior,

83 2123 84 2126 ¹
144 2103 194 2154 uisi
208 2107 397 2170 proposuissem
415 2123 505 2154 omnes
515 2109 621 2171 angulos
631 2115 718 2154 tecum
727 2106 833 2171 epistola
844 2110 897 2155 ciro·

144 2172 249 2220 cumire.
269 2171 358 2234 Neque
369 2173 437 2219 euim
448 2171 560 2229 verebar,
571 2189 602 2220 ue
611 2170 768 2220 laboriosum
779 2184 846 2222 esset
855 2174 896 2221 ls-

144 2239 216 2300 genti
227 2236 282 2293 tibi,
293 2235 361 2300 quod
370 2239 460 2286 visenti
470 2253 521 2285 non
532 2237 634 2298 ruisset,
653 2240 802 2303 praescium
812 2244 896 2303 qutun

144 2303 348 2367 interquiescere,
367 2304 387 2350 si
398 2303 487 2351 liberet
490 2301 684 2417 depositaque
698 2304 811 2367 epistole,
823 2305 896 2369 qussi

144 2367 264 2427 residere,
276 2369 376 2432 saepius
386 2384 478 2434 posses.
552 2379 618 2416 terea
628 2365 724 2416 indulsi
735 2370 816 2417 amori
826 2386 895 2419 meo.

144 2435 212 2486 Amo
223 2436 305 2494 enim,
326 2451 389 2498 quae
399 2436 509 2483 maxima
520 2450 550 2482 ex
560 2445 630 2498 parte
641 2436 691 2498 ipse
702 2433 831 2494 inchoavi,
850 2447 895 2485 sut

143 2500 260 2549 inchoata
270 2500 393 2567 percolui.
417 2500 448 2548 lu
459 2515 557 2547 summa
569 2499 623 2563 (cur
634 2500 704 2547 euim
716 2515 768 2547 non
779 2502 892 2566 aperiam

142 2566 187 2613 tibi
201 2568 240 2615 rel
251 2565 374 2614 iudicium
389 2580 477 2613 meum
487 2564 527 2613 vel
542 2562 684 2630 errorem'l)
709 2565 825 2630 primum
844 2583 892 2635 ego

41 2626 46 2632 '
128 2629 246 2682 officiam
256 2633 390 2702 scriptoris
407 2632 539 2694 existimo,
558 2641 590 2680 ut
601 2631 708 2680 titulum
721 2637 798 2680 suum
813 2631 891 2698 legat,
