1890 2924
339 106 549 163 nessuxu.
788 113 827 175 49

414 242 476 295 ΧΠ.

61 319 198 371 Eveutssru
214 327 331 365 caussas
349 311 468 363 Pirmins'
486 307 584 379 legari,
603 328 683 381 quem
699 311 825 384 superior

130 380 252 450 epistola
260 388 411 442 notaverat,
421 376 576 448 perscribit.

154 462 186 515 C.
204 462 378 515 PLINIVS
397 462 587 517 snutsuo
606 462 688 518 SVO
707 467 735 518 S.

110 543 293 615 Aesroaiqyrov
310 546 390 609 illud,
408 549 479 612 quod
496 565 630 616 superesse
648 551 725 601 Marii
742 548 824 602 Prisci

62 632 165 669 unaue
174 616 293 682 proxime
303 616 465 680 scripseram,
475 620 561 666 nescio
571 636 602 667 sn
614 619 674 666 satis
684 620 806 669 circumci
813 645 825 660 ·

61 701 129 744 sum,
139 694 228 733 tamen
239 693 266 730 et
276 682 395 732 adrasum
406 692 452 730 est.
470 684 600 733 Firminus
611 683 733 733 inductus
743 686 769 733 in
781 703 825 736 se·

61 764 152 803 mmm
168 746 301 814 respondit
314 747 417 797 crimini
434 759 505 798 noto.
524 751 654 816 sequutae
664 762 725 800 sunt
734 749 826 815 diver-J

62 834 102 868 sae
112 816 255 867 tententiae
264 815 400 865 nomnium
410 813 611 880 designatorum.
624 816 754 867 Cornutus
759 819 822 869 Ter·

62 886 143 934 tullus
159 882 260 931 censuit
273 879 364 930 ordine
378 883 549 934 movendum:
572 887 671 936 acutius
683 885 775 941 Nerva,
796 886 825 937 in

64 951 196 1001 sortitione
215 949 363 1015 provinciae
379 949 506 1000 rationem
521 953 574 1000 eius
595 970 646 1001 non
667 952 824 1004 iubendam.

64 1018 138 1083 Quas
147 1015 283 1077 sententia,
304 1027 427 1081 tanquam
438 1019 534 1077 mitior,
545 1018 611 1078 sicit,
622 1036 705 1084 quum
715 1020 748 1067 sit
758 1021 826 1068 alio-

63 1084 107 1151 qui
117 1083 211 1133 durior
219 1081 374 1145 tristiorqne.
394 1083 466 1147 Quid
477 1087 546 1135 enim
556 1089 681 1145 miserius,
692 1102 769 1151 quam
781 1101 825 1135 ex·

62 1162 164 1201 ssorum
186 1159 214 1198 et
233 1159 365 1198 exemtum
384 1149 525 1200 honoribus
535 1154 682 1210 senatoriis,
702 1152 788 1202 labore
799 1163 825 1202 et

62 1216 182 1269 molestis
193 1232 246 1265 non
256 1213 365 1266 essere?
376 1216 446 1280 Quid
457 1219 566 1283 gravius,
578 1236 656 1284 quam
666 1230 734 1268 tanta
745 1221 824 1284 igno-

62 1286 144 1335 minia
157 1280 297 1344 adfectum,
320 1300 372 1332 non
383 1284 410 1331 in
426 1285 565 1336 solitudine
575 1288 663 1346 latere,
683 1284 728 1333 sed
740 1286 767 1334 in
777 1283 825 1334 hae

64 1352 184 1401 altissima
196 1352 301 1416 specula
314 1350 530 1414 'conspiciendum
541 1368 566 1400 se
576 1349 825 1415 monstrandumque

63 1413 205 1485 praebere?
226 1415 370 1477 Praetereo,
391 1416 454 1481 qnid
474 1418 577 1483 publice
597 1420 684 1466 miuus
707 1429 826 1467 arrtcon·

64 1499 161 1548 gruem
170 1483 366 1534 sntdeoornmi
384 1495 503 1533 notatum
519 1496 632 1533 asenatu
644 1485 672 1533 in
681 1496 770 1532 senatu
780 1500 826 1533 se-

65 1546 147 1599 derei
156 1551 266 1616 ipsisque
276 1551 335 1607 illis,
347 1569 361 1599 n
372 1552 464 1615 quibus
474 1554 507 1600 sit
517 1562 627 1611 notatus,
638 1548 757 1615 aequari?
767 1552 827 1600 sub-

64 1628 165 1667 motum
175 1634 189 1665 a
200 1616 391 1683 proconsulatu,
411 1620 471 1681 quia
484 1635 511 1666 se
521 1620 548 1667 in
568 1619 693 1681 legatione
715 1620 826 1684 turpiter

63 1694 183 1749 gesserat,
203 1682 237 1733 de
256 1682 452 1751 proconsuliBus
471 1682 601 1735 iudicaret
622 1684 825 1751 damnatumque

63 1750 187 1810 sordium,
208 1750 250 1799 vel
271 1748 394 1800 damnare
415 1751 691 1802 aliosvelabsolverei
711 1749 765 1802 Sed
775 1753 825 1802 hoc

62 1818 179 1883 pluribus
189 1817 330 1866 visumst.
346 1816 521 1867 Numerantur
532 1821 601 1868 euim
610 1821 758 1879 sementim,
770 1838 823 1869 uon

11 1934 13 1943 ,
61 1883 249 1950 ponderentur:
258 1900 306 1932 neo
315 1883 387 1933 alind
397 1886 424 1934 in
434 1887 539 1950 publico
550 1890 656 1936 ennodio
666 1888 825 1953 potestlieri;

11 2000 13 2009 ,
61 1952 152 2018 inquo
170 1950 238 2001 nilail
247 1960 284 1999 est
293 1962 347 1999 tam
358 1951 500 2015 inaequale,
521 1969 598 2017 qusm
608 1955 747 2018 aequalitas
759 1955 821 2019 ipsa·

11 2024 13 2029 '
61 2016 128 2069 ilem
137 2034 225 2083 qnnm
233 2018 266 2066 sit
275 2018 359 2083 impar
373 2017 519 2083 prudentis,
539 2023 713 2084 paromuium
724 2021 764 2069 ins
775 2030 823 2072 est·

61 2083 172 2152 Implevi
182 2085 348 2150 promissum,
364 2086 506 2149 priorisque
523 2087 643 2151 epistolae
653 2088 731 2136 fidem
741 2087 823 2135 exsol-

11 2170 13 2181 ·
62 2152 96 2213 ri,
114 2168 196 2217 qnam
206 2166 237 2199 ex
247 2150 328 2215 spatio
347 2153 468 2215 temporis
488 2154 538 2200 ism
548 2154 673 2219 recepisse
683 2163 707 2202 te
718 2154 822 2218 colligo.

11 2202 14 2241 ἵ
61 2214 129 2269 uam
139 2228 166 2267 es
175 2217 310 2267 resonanti
321 2227 346 2265 u
355 2215 824 2284 nugenuunumndedununquid

61 2283 242 2351 impedimenti
262 2284 288 2331 in
300 2284 340 2332 ria
369 2301 438 2333 assus
453 2297 498 2334 est.
518 2287 590 2335 Tisse
599 2304 670 2336 nunc
679 2297 770 2353 pestes,
794 2295 823 2333 ut

11 2358 16 2367 “
61 2352 177 2416 primum
186 2351 271 2409 illam,
285 2301 377 2399 deinde
387 2350 452 2400 hanc
461 2356 631 2405 remunereris
641 2355 729 2414 literis,
735 2353 823 2418 quales

11 2436 32 2473 ·,
62 2416 156 2476 inkine
164 2415 250 2467 redire
263 2414 406 2468 uberrimae
415 2432 529 2486 possunt.
550 2418 624 2471 Vale.

92 2676 220 2731 Pulsi-'ra
596 2694 635 2753 ῃ
