1890 2924
104 300 182 360 ‘215
316 291 349 345 c.
369 289 507 344 PLlllll
523 287 600 344 LtB,
619 286 696 346 Vm:

124 411 174 457 tus,
184 409 318 460 nunqnam
328 395 401 454 seria,
413 393 493 444 tristis
503 409 578 459 saepe
589 400 714 445 mmet·
721 387 823 446 Eadem
832 409 883 445 ms·

123 467 150 515 la
158 465 211 513 ism
221 470 358 522 senatores,
369 462 419 510 iam
430 459 565 526 participes
575 462 719 519 malornm,
729 462 830 511 multas
839 476 884 527 per

123 547 205 582 annos
215 525 338 588 vidimur,
353 526 524 592 tulimusque:
544 527 636 592 quibus
646 527 749 593 ingenia
760 539 848 578 nostra
857 529 882 577 in

121 606 254 666 posterum
264 611 367 659 quoqne
378 592 502 654 hebetata,
514 593 599 656 fracta,
612 605 718 644 contusa
728 606 801 643 snat.
820 593 881 643 lire·

123 674 267 728 retempns
278 659 351 725 (nam
360 671 432 710 tanto
440 659 544 709 br‘erins
559 677 650 724 omne,
671 670 770 725 quanto
790 659 883 709 felicior

122 730 236 794 tempus)
247 745 298 793 qno
308 729 372 779 libet
379 729 458 786 scire,
478 725 541 792 qnid
551 728 647 792 simus,
674 725 739 775 libet
759 742 882 787 exercere,

122 795 301 863 quodsnmus.
320 796 379 861 Quo
390 795 560 858 iustiuspeto,
599 796 705 853 rimam,
721 803 751 841 ut
761 795 842 842 errori
851 791 882 856 (si

123 863 181 928 qnia
190 871 228 912 est
237 861 319 926 error)
331 861 427 910 tribuas
437 859 551 921 veniam,
591 858 676 918 einde,
695 858 825 908 medearis
834 861 882 909 sci·

122 930 188 979 entia
198 938 254 989 tua,
270 930 311 977 cui
320 943 423 993 semper
431 926 480 975 t'uit
489 941 580 988 curae,
601 928 638 976 eie
650 929 705 975 iura
715 925 836 996 publica,
855 935 882 976 ut

121 996 236 1061 privam
255 994 294 1043 sic
304 997 418 1059 antiqua,
436 1002 464 1041 ut
473 994 598 1056 recentis3
609 994 719 1052 sicma,
730 991 879 1052 aeneidas,

120 1071 235 1108 tractare.
261 1059 346 1125 Atque
361 1077 409 1125 ego
419 1058 528 1108 arbitror
537 1060 589 1108 iilis
598 1060 693 1120 etiam,
713 1059 808 1124 qrnibns
822 1061 879 1126 plu·

120 1127 245 1174 rimarum
266 1142 355 1176 rerum
378 1127 481 1189 agitatio
505 1126 626 1189 frequens
646 1125 712 1175 nibil
731 1130 787 1174 eas'e
807 1127 879 1191 igno·

120 1204 178 1241 tum
188 1191 339 1257 patiebatur,
354 1209 436 1256 genus
446 1193 607 1256 quaestionis,
622 1190 693 1256 qnod
703 1191 792 1241 adsero
803 1191 836 1242 ad
847 1205 877 1253 te,

119 1269 235 1307 autnon
255 1261 314 1307 satis
334 1261 441 1318 tritum,
461 1260 592 1308 autetiam
612 1260 776 1324 inexpertum
791 1259 875 1308 fnisse.

118 1323 175 1374 lIoc
187 1334 212 1372 et
222 1338 273 1390 ego
280 1328 428 1385 excusatior,
434 1326 455 1374 si
466 1325 530 1373 forte
540 1341 600 1373 sum
610 1327 705 1390 lapsus,
716 1336 742 1374 et
751 1337 780 1375 tn
791 1327 876 1390 digni·

118 1407 149 1440 or
161 1390 252 1452 lande,
268 1393 289 1441 si
305 1403 376 1458 potes
386 1389 414 1439 id
424 1407 526 1455 quoque
537 1389 638 1448 docere,
649 1392 721 1456 qnod
731 1393 758 1441 in
769 1391 878 1441 obscuro

120 1468 165 1515 eat,
177 1475 209 1508 an
220 1457 349 1507 didiceris·
369 1456 534 1507 Referebatur
542 1454 575 1506 de
585 1457 684 1506 libertis
693 1455 795 1508 Afranii
808 1458 877 1509 Dex-

117 1525 152 1572 tri
172 1525 283 1574 consulis
294 1560 301 1585 ,
320 1525 446 1572 incertum
465 1540 510 1572 sna
520 1541 553 1574 an
563 1540 668 1574 morum
679 1541 770 1585 mann,
781 1528 882 1575 scelere·

119 1606 151 1639 ιιι
161 1589 293 1654 obsequio,
304 1591 421 1657 peremti.
439 1590 492 1638 Hos
503 1589 584 1649 alius,
602 1589 703 1658 (Quid
729 1593 800 1656 Ego;
831 1591 876 1641 sed

118 1655 182 1705 nilril
197 1658 282 1722 refert)
301 1669 358 1723 post
379 1660 554 1720 quaestionem
573 1657 703 1723 supplicio
719 1657 875 1718 liberandos,

117 1723 181 1771 alius
192 1725 219 1772 in
229 1724 342 1772 insulam
353 1724 521 1788 relegandos,
541 1723 606 1772 alius
625 1735 708 1773 morte
728 1723 876 1790 puniendos

117 1788 294 1838 arbitrabatur.
329 1790 447 1854 Quarum
461 1791 648 1838 sententiarum
661 1801 729 1839 tanta
741 1789 876 1840 ‹liversitas

117 1865 178 1911 erat,
191 1864 280 1902 utnon
291 1866 394 1918 possent
404 1872 470 1914 esse,
490 1856 540 1903 nisi
555 1856 680 1920 singulae.
711 1857 783 1921 Quid
805 1859 875 1906 enim

116 1930 255 1968 commune
265 1919 347 1978 habet,
363 1920 476 1970 occidere
493 1932 517 1969 et
532 1921 664 1986 relegare?
692 1922 751 1973 Non
772 1924 876 1972 hercule

116 1985 206 2050 magis,
222 2001 297 2049 quam
309 1987 423 2050 relegare
434 2000 459 2038 et
469 1987 612 2038 absolvere:
639 2005 799 2054 quamquam
812 2007 875 2056 pro·

115 2051 172 2116 pior
185 2051 315 2116 aliquanto
324 2063 360 2100 est
370 2054 511 2103 sententiae
521 2055 666 2120 relegentis,
682 2072 748 2120 qnae
758 2056 874 2107 absolve·

115 2117 157 2175 rit,
169 2133 247 2180 quam
256 2120 463 2183 quaeocciderit3
483 2131 590 2185 utraque
607 2122 678 2169 enim
689 2139 720 2171 ex
731 2121 783 2172 illis
793 2126 873 2174 vitam

116 2182 248 2247 relinquit,
256 2184 318 2233 haec
328 2185 427 2235 adiurit:
438 2203 520 2251 quum
530 2188 634 2235 interim
645 2198 669 2235 et
680 2188 724 2253 qui
735 2201 819 2238 morte
825 2207 874 2256 pu·

115 2247 227 2308 aiebant,
234 2262 259 2299 et
270 2253 314 2315 qui
324 2253 480 2316 relegabant,
487 2271 537 2302 una
548 2252 676 2312 sedebant,
683 2267 708 2303 et
718 2259 872 2322 temporaria

113 2314 275 2366 simulatione
290 2319 439 2369 concordiae
453 2319 607 2370 discordiam
622 2320 785 2371 differebant.
816 2325 873 2388 Ego

113 2382 282 2449 postulabam,
294 2394 322 2432 ut
333 2384 412 2434 tribus
423 2389 555 2435 sententiis
566 2398 692 2436 constaret
702 2404 764 2438 suus
778 2406 873 2439 nnme-

113 2464 165 2510 rus,
176 2467 223 2500 nec
233 2465 260 2498 se
269 2450 388 2500 brevibus
399 2452 509 2501 induciis
519 2451 584 2503 duae
595 2456 744 2515 iungerent.
773 2456 873 2521 Exige·

113 2513 173 2567 bam
184 2533 253 2582 ergo,
264 2530 301 2578 ιιι,
311 2519 355 2582 qui
369 2520 469 2585 capitali
487 2522 614 2587 supplicio
624 2519 780 2571 adliciendos
790 2533 870 2588 putr-

110 2579 179 2646 bant,
194 2584 355 2635 discederent
370 2604 383 2634 a
399 2587 534 2650 relegante,
550 2604 597 2637 nec
607 2587 712 2636 interim
722 2600 813 2641 contra
822 2588 871 2639 ab·

108 2651 236 2702 solventes
247 2669 307 2703 mox
316 2651 455 2703 dissensuri
466 2663 690 2718 congregarentur,
702 2657 869 2720 qniaparvu·

94 2711 287 2788 lamresmer,
310 2738 344 2773 au
355 2718 427 2773 idem
437 2718 597 2789 atrapitena,
615 2717 710 2784 quibus
727 2736 780 2769 non
799 2720 870 2770 idem

78 2779 235 2845 placaiuee.
277 2791 355 2847 mad
373 2795 456 2848 etiam
477 2789 545 2842 milri
565 2786 715 2857 normarum
729 2784 877 2837 arbanam„
