1890 2924
340 111 472 165 urrsr.
490 110 543 164 xi.
782 123 818 179 tu

10 253 17 284 ·.
51 214 193 269 notabilius
202 213 252 263 boe
260 215 478 280 periculosiusque
489 226 560 276 esset,
572 216 608 264 sui
617 226 727 282 praetor.
737 215 818 266 Pecu·

10 285 33 335 Ι..
47 284 128 349 ¹‚niam
138 283 224 339 etiam,
244 298 295 345 qua
308 294 368 330 tuuc
378 282 418 329 illi
436 282 558 347 ampliore
574 300 588 330 o
625 294 714 341 serat,
733 294 763 332 ut
777 301 818 333 aea

53 348 171 401 hiiennm
181 348 331 407 exeolveret,
346 358 502 396 contractum
514 363 544 397 ex
554 367 589 413 pu
601 349 731 398 cherrimie
742 366 818 399 caue·

54 416 97 474 aia,
117 414 292 464 mumantibua
311 417 413 477 maguis
432 413 587 478 quibusdam
607 426 632 463 et
649 415 817 481 locupletibus

53 482 153 541 amicit,
171 490 305 530 mutuatur
322 480 385 545 ipae,
405 482 543 543 gratuitam
557 479 627 529 dedi.
656 479 742 546 Atque
756 481 817 531 baec

53 548 111 609 teci,
120 563 213 613 quum,
226 563 254 595 ae
273 558 327 595 tem
337 547 424 595 amicir
434 548 500 596 meia
510 557 553 596 aut
563 548 651 596 occisis
661 559 705 596 aut
720 549 818 612 relega·

54 616 94 673 tia,
111 614 220 679 (occisio,
260 615 388 671 enecione,
406 613 519 672 Rustico,
538 610 671 677 Helvidi03
692 614 816 680 relegatis,

55 680 184 740 Maurico,
203 679 321 738 Gratilla,
340 679 426 740 Arria,
445 679 556 744 Fannia)
574 691 610 728 tot
618 682 683 729 oiroa
693 697 736 730 me
746 683 817 733 iaetu

55 745 210 797 bdminibua
223 747 297 810 quari
309 744 449 806 ambustua,
470 744 536 794 mibi
550 761 652 810 quoque
666 745 816 812 impendere

56 812 128 863 idem
137 814 253 873 exitium,
263 809 336 860 certia
348 810 502 876 quibuadam
512 813 580 860 notia
592 828 741 877 augurarer·
757 814 816 863 Nou

56 877 115 929 ideo
124 889 211 927 tamen
221 879 341 927 eximiam
347 879 453 943 gloriam
460 880 581 927 meruiaae
590 895 642 940 mc,
652 891 682 927 ut
692 880 735 927 ille
744 896 816 945 prae-

57 944 131 1005 dicat,
151 942 241 994 credo:
259 941 304 992 aed
315 956 414 993 tautum
428 946 544 1009 effugiaae
558 947 693 1011 flagitium.
713 946 781 995 Nam
791 959 816 995 et

58 1012 85 1063 G-
97 1011 259 1071 Musonium,
269 1024 387 1060 socerum
396 1012 458 1072 eiua,
468 1008 604 1073 (quantum
614 1013 713 1060 licitum
724 1025 761 1061 eat
770 1029 816 1078 per

56 1078 180 1141 aetatem)
199 1092 260 1125 curn
280 1074 445 1126 admiratione
464 1076 557 1139 dilexi,
576 1089 603 1127 et
620 1075 816 1127 Artemidorum

56 1162 65 1195 t
84 1160 144 1196 anm
151 1144 388 1207 iamtnm‚quurnin
395 1144 467 1209 Syria
474 1141 742 1201 tribununniliturem,
749 1155 816 1193 areta

67 1212 229 1263 amilieritate
239 1209 386 1275 complexus
394 1226 466 1259 uum:
478 1208 556 1273 idque
566 1212 683 1275 primum
692 1226 743 1257 nou
754 1210 817 1257 nul-

58 1275 214 1329 liuaiudolit
231 1274 292 1325 dedi
312 1276 453 1341 specimen,
473 1275 543 1341 quod
552 1278 639 1325 virum
652 1284 697 1323 out
715 1276 819 1339 arpien-

58 1355 120 1407 tem,
140 1354 186 1393 aut
195 1344 343 1409 proximum
357 1343 572 1407 simillimumque
582 1342 699 1405 sapienti,
719 1340 819 1389 intelli-

57 1426 119 1475 gere
129 1426 189 1459 aum
198 1409 276 1458 visua.
294 1408 360 1457 Nam
370 1426 401 1458 ex
415 1410 543 1466 omuibus,
562 1410 605 1471 qui
616 1404 685 1454 nunc
693 1421 720 1453 ae
736 1406 819 1472 pbilo-

58 1477 151 1543 aopboa
162 1486 262 1533 vocant,
281 1477 324 1525 rix
335 1491 418 1526 unum
438 1487 482 1523 aut
492 1475 607 1523 alterum
622 1474 736 1521 inveniet
753 1484 820 1524 tauta

57 1542 209 1603 sinceritate,
225 1552 294 1591 tanta
307 1542 418 1591 veritate.
435 1543 520 1601 Mitto,
535 1556 585 1604 qna
594 1540 713 1605 patientia
728 1556 819 1605 corpo·

59 1612 94 1661 rie
109 1611 207 1660 biemeo
227 1609 297 1657 iuxta
306 1619 332 1657 et
341 1620 445 1658 aestate·
455 1609 525 1667 ferat,
547 1619 577 1656 ut
592 1607 670 1656 nullia
689 1607 818 1659 laboribus

60 1678 145 1737 cedat,
165 1686 195 1724 ut
204 1674 269 1725 nibil
282 1677 309 1723 in
318 1672 376 1723 cibo
391 1685 434 1724 eut
443 1687 505 1741 potu
524 1675 697 1741 voluptatibus
717 1676 818 1738 tribuat,

59 1743 188 1793 utoeuloa
204 1742 371 1805 animumque
395 1744 531 1802 contiueat.
557 1739 625 1790 Sunt
635 1740 696 1790 baec
717 1759 818 1806 magua,

59 1810 104 1860 ted
113 1811 141 1859 iu
151 1810 215 1858 aliot
234 1809 261 1856 iu
277 1806 325 1855 hoc
335 1822 396 1857 vero
409 1808 526 1872 minima,
544 1810 564 1856 ri
577 1810 667 1859 ceteris
681 1807 817 1858 virtutium

59 1887 249 1942 comparentur,
269 1870 363 1939 quibua
382 1875 491 1933 meruit,
511 1885 540 1923 ut
559 1893 573 1924 a
593 1873 625 1923 C.
649 1875 768 1924 Musonio
788 1891 819 1923 ex

59 1942 182 1993 omnibus
188 1942 308 1990 omnium
318 1940 438 1989 ordinum
449 1939 643 1991 adsectatoribus
653 1957 730 2007 gener
740 1939 819 1990 adau-

59 2020 183 2060 meretur.
193 2009 265 2072 Quae
275 2006 339 2055 mibi
349 2006 493 2055 recordanti
502 2017 539 2055 est
549 2008 654 2072 quidem
666 2008 818 2067 iucundum,

60 2073 130 2141 quod
139 2091 183 2123 me
193 2089 274 2137 quum
284 2072 353 2138 apud
364 2074 437 2132 alios,
457 2083 513 2121 tum
523 2074 592 2139 apud
601 2086 635 2131 te,
645 2078 720 2123 tantis
731 2074 819 2123 laudi·

59 2144 107 2192 bue
116 2140 246 2190 cumulet:
256 2154 344 2187 vereor
353 2149 448 2198 tamen,
459 2155 491 2187 ne
502 2139 610 2189 modum
621 2139 731 2201 excedat,
742 2156 819 2205 quem

60 2207 205 2273 benigniter
215 2206 271 2255 eiua
281 2202 356 2266 (illuc
365 2205 443 2264 euim,
456 2204 525 2253 unde
535 2221 579 2254 coe
599 2207 615 2266 i,
631 2208 756 2270 revertor)
767 2223 819 2253 uon

62 2274 129 2324 tolet
143 2283 240 2320 tenere·
267 2271 334 2321 Nam
344 2272 369 2319 iu
379 2271 428 2319 hoc
441 2288 493 2320 uuo
512 2224 650 2333 interdum,
669 2274 710 2321 vir
724 2271 819 2335 alioqui

61 2339 287 2406 prudentiamne,
306 2335 411 2386 houeato
430 2335 548 2400 quidem,
567 2338 611 2387 aed
630 2350 715 2387 tamen
735 2351 819 2383 errore

62 2416 190 2467 vereatur,
210 2402 281 2467 quod
299 2404 380 2469 pluria
398 2405 493 2454 amicos
507 2419 574 2468 tuoe,
594 2420 672 2469 quam
690 2412 761 2461 aunt,
780 2415 820 2448 ari·

63 2469 180 2523 btuuur.
214 2469 287 2521 vale.
