1890 2924
341 163 474 216 EPIST.
489 164 511 216 1.
528 164 564 217 tt
636 182 639 187 ·
770 176 832 231 '91

72 267 180 337 gaudet.
212 263 245 314 In
255 264 304 313 hoc
314 281 370 330 ego,
381 277 410 313 ut
418 264 539 314 referrem
550 268 670 331 gratiam,
681 266 752 330 (uam
763 270 834 319 vinci

72 340 100 395 in
108 348 200 385 amore
211 330 387 397 turpiaaimum
396 331 444 389 eat)
459 333 585 397 temptum
601 337 707 398 pecnnia
717 352 774 384 mea
785 352 833 383 ex-

72 401 168 451 mxi:
187 400 261 446 euiue
271 397 466 456 dedicationem,
477 414 559 461 quum
568 400 602 447 ait
611 412 738 464 paratum,
749 400 834 449 differ-

72 484 101 515 re
108 467 228 529 longius,
238 464 411 528 irreligiosum
421 475 464 510 est.
500 465 605 512 Erimus
615 481 677 528 ergo
687 467 721 513 ibi
733 465 834 515 dedica·

73 532 153 581 tiouie
158 532 214 590 die,
225 545 304 594 quem
313 531 390 594 epulo
401 529 527 577 celebrare
538 532 668 579 constitui.
703 532 835 581 Subsiste-

72 614 131 647 mua
143 597 249 645 sortaaee
259 597 422 658 etcequenti:
447 593 491 642 aod
501 606 570 643 tanto
581 598 661 661 magia
672 597 741 647 viam
751 598 832 662 ipsam

71 663 254 728 corripiemus.
288 659 427 725 Contingat
436 660 514 709 modo
524 671 552 717 te,
557 663 685 725 filiamque
696 673 768 719 unu
777 664 833 711 sor·
882 706 891 723 ¹.

72 742 111 779 tee
119 724 251 777 iuvenire!
266 725 336 774 Nam
342 726 435 775 hilares
445 738 543 776 certum
552 738 598 787 cat,
604 729 625 776 ci
636 744 682 775 noc
693 729 833 778 incolume·

72 795 227 862 receperitis.
261 792 336 843 vale,

436 889 464 940 11

75 958 116 1009 M.
125 956 273 1019 Regulum,
283 954 427 1023 mortefilii
439 923 556 1007 dolorem
565 956 744 1024 cinnamon,
753 969 834 1011 noto·

142 1009 233 1075 biir'ter
237 1024 415 1092 perstringit.

152 1106 184 1157 C.
203 1105 372 1158 PLINIVS
392 1103 609 1159 CLEMENTI
630 1106 710 1160 SVO
729 1106 757 1157 S.

122 1189 240 1252 Regulus
245 1190 326 1239 filium
332 1191 429 1240 amisit:
439 1187 488 1237 hoc
497 1206 550 1238 nno
556 1193 623 1240 malo
629 1189 756 1255 indignus,
763 1189 834 1253 qnod

72 1256 157 1306 neacio
170 1272 203 1303 an
212 1257 312 1303 malum
320 1265 401 1322 putet.
436 1252 498 1302 Erat
510 1273 574 1320 puer
585 1260 648 1306 acrio
663 1256 772 1320 ingenii,
787 1253 834 1302 aed

72 1320 201 1384 ambigui:
216 1321 260 1383 qui
270 1332 354 1370 tamen
364 1330 448 1386 poscet
456 1331 524 1368 recta
534 1323 632 1382 uectari,
642 1323 663 1368 ai
672 1330 771 1384 patrem
780 1335 833 1366 non

71 1388 188 1435 referret.
222 1387 299 1434 Hunc
311 1386 425 1449 Regulus
435 1388 614 1451 emancipavit,
624 1396 652 1433 ut
661 1384 734 1432 hereo
745 1386 833 1431 matria

73 1454 214 1502 exsisteret.
247 1453 423 1517 Mancipatum
437 1450 482 1513 (ita
494 1455 574 1514 vulgo
583 1467 613 1500 ex
622 1447 735 1498 moribus
749 1447 836 1495 homi-

74 1519 114 1567 nia
125 1515 306 1581 loquebantur)
316 1517 390 1566 foeda
399 1530 425 1566 et
434 1518 536 1565 insolita
545 1514 691 1581 parentibus
698 1512 837 1576 indulgen·

75 1585 125 1632 tiae
134 1583 297 1631 aimulatione
307 1583 429 1648 captabat.
456 1580 609 1630 Incredibile
621 1589 659 1628 eat
669 1600 676 1641 5
697 1577 740 1625 eod
750 1579 837 1641 Regu-

76 1650 134 1698 lum
147 1648 240 1710 cogita.
273 1647 407 1698 Amissum
416 1658 501 1695 tamen
511 1648 585 1711 luget
594 1647 691 1694 intane.
724 1643 837 1692 Habebat

76 1730 141 1780 puer
151 1713 288 1761 mannulos
297 1715 401 1771 multos,
411 1723 437 1759 et
450 1715 544 1760 vinctos
559 1722 585 1761 et
599 1711 706 1760 solutos:
730 1708 837 1758 habebat

77 1795 152 1829 canet
160 1778 272 1826 maiores
281 1780 457 1841 minoresque:
482 1777 591 1827 habebat
600 1777 732 1835 lusciniae,
748 1777 837 1840 pritta-

77 1860 133 1904 σοι,
148 1846 274 1892 merulas:
293 1859 382 1892 omnes
391 1844 503 1907 Regulua
513 1845 578 1892 circa
588 1858 683 1906 rogum
692 1840 837 1890 trucidavit·

77 1910 133 1961 Nec
143 1907 280 1958 dolorem
290 1910 349 1971 ille,
364 1907 408 1957 ced
424 1911 557 1958 ostentatio
567 1909 672 1958 doloris.
707 1906 837 1955 Conveni·

78 1986 122 2025 tut·
131 1974 166 2024 ad
176 1991 238 2023 eum
246 1975 310 2024 mira
322 1973 475 2024 celebritate.
498 1972 592 2023 Cuncti
602 1972 766 2032 detestantur,
776 1970 837 2019 ode·

78 2052 148 2104 eunt,
155 2041 259 2104 etquaai
270 2038 385 2105 probent,
392 2039 463 2104 quasi
470 2037 587 2102 diligant,
597 2048 708 2096 currant,
719 2038 836 2100 frequen-

78 2117 148 2155 tant:
166 2116 247 2169 utque
256 2106 373 2165 breviter,
385 2103 455 2169 quod
465 2108 553 2167 centio,
564 2104 704 2162 enuntiem,
715 2104 743 2150 iu
752 2102 837 2164 Regu·

78 2172 104 2220 lo
114 2171 272 2223 demerendo
282 2172 409 2236 Regulum
419 2171 558 2219 imitantur.
579 2169 664 2218 Tenet
674 2184 700 2215 ae
710 2178 778 2218 trane
788 2169 836 2216 Ti-

77 2235 162 2286 berim
171 2237 198 2283 in
208 2235 297 2296 hortis,
307 2239 334 2285 in
346 2237 437 2300 quibua
447 2235 596 2285 latissimum
607 2235 691 2282 tolum
700 2231 835 2298 porticibus

78 2300 223 2362 immensis,
238 2304 321 2366 ripam
331 2303 416 2351 statuis
426 2303 477 2349 auis
487 2302 626 2365 occupavit,
637 2310 666 2347 ut
675 2309 712 2346 eat
721 2301 748 2347 in
758 2312 835 2344 aum·-

77 2384 120 2418 ma
134 2369 240 2418 avaritia
255 2379 412 2426 sumtuosus,
431 2368 458 2413 in
473 2382 574 2415 summa
589 2366 692 2413 infamia
702 2363 835 2428 gloriosus.

77 2433 159 2483 Vexat
169 2449 229 2497 ergo
241 2434 368 2482 civitatem
378 2432 569 2481 insaluberrimo
580 2442 705 2494 temporez
727 2437 752 2475 et
765 2422 835 2489 quod

79 2510 164 2559 vexat,
174 2502 294 2547 solatium
305 2511 386 2563 putat.
419 2499 491 2545 Dicit
499 2514 526 2545 se
536 2496 603 2544 velle
613 2495 706 2543 ducere
717 2505 833 2563 uxorem:

78 2564 128 2614 hoc
137 2579 250 2628 quoque,
262 2566 328 2613 sicut
337 2566 393 2622 alia,
404 2578 531 2628 perverse.
557 2560 654 2609 Audies
666 2558 739 2604 brevi
748 2566 834 2619 nupti-

78 2631 236 2693 aalugeatie,
254 2631 443 2694 nuptiaaaenis:
458 2625 848 2696 quorumalteuunsuumatue
