1890 2924
62 347 63 351 ι
113 319 175 377 ue
309 313 339 367 o.
358 310 583 366 rsruunrs.
601 308 678 366 vsu.

113 415 160 479 qui
172 412 306 479 relegenti
325 431 354 465 ru
365 425 448 464 ιιιιιι
469 426 577 466 rsnrsu
589 428 648 477 ms,
670 423 723 475 ova
732 408 867 469 'seramus

114 498 201 531 nonne
218 481 322 532 ridetur
340 481 392 546 ipsa
404 482 506 540 lexeos,
522 483 567 546 qui
577 481 750 540 dissentiunt,
765 482 795 530 irs
810 498 867 530 con·

113 549 220 598 uariam
231 557 330 614 partem
341 563 440 609 rotare,
451 564 549 613 eogere,
565 544 718 615 impellere?
739 564 794 597 non
809 563 867 596 oon·

112 614 155 664 snl
164 614 251 675 etiam,
267 615 312 664 ubi
322 615 430 680 quisque
441 630 586 677 remanere,
608 631 659 681 qno
670 612 816 680 transgredi
826 612 873 663 de-.

112 679 179 740 beat,
190 697 243 730 non
253 692 352 731 tanturn
361 680 510 730 solennibus
521 681 618 741 verbis,
633 680 680 730 sed
690 697 770 732 manu
782 692 869 746 gestu-

131 763 163 797 ue
178 745 357 800 demonstrat?
375 745 409 796 Ar
420 747 617 798 enimsuturum
628 757 677 809 est,
699 758 744 808 ut,
763 749 787 796 si
798 745 872 796 divi..

134 816 354 865 ‘ntursententiae
363 815 538 864 interficientis
554 827 579 864 et
593 815 738 880 relegentis,
758 830 868 879 praern-

113 882 166 930 lsat
174 882 227 944 ills,
242 898 308 948 quas
317 880 435 931 absolvit.
445 879 516 946 Quid
527 880 596 931 istud
606 879 638 932 nd
648 879 797 931 censentes?
808 895 871 945 quos

112 958 183 998 certe
193 964 245 998 uon
256 945 460 998 decetomnibus
475 946 590 1008 artibus,
610 946 683 998 omni
701 947 802 996 ratione
821 963 870 1011 pun

111 1012 303 1080 gnarunefiat,
324 1014 549 1079 quodestmitius.
580 1013 688 1081 Oportet
710 1023 801 1062 tomen
821 1029 870 1073 eos,

112 1081 159 1144 qui
168 1081 290 1145 puniunt,
308 1091 335 1130 et
345 1081 522 1146 quisrelegant,
542 1079 733 1135 absolventibus
748 1080 870 1144 primum,

112 1160 173 1195 mox
183 1147 249 1195 inter·
260 1162 286 1196 se
295 1149 445 1213 comparari.
465 1147 571 1198 Scilicet
580 1158 609 1196 ut
618 1148 645 1196 in
654 1146 804 1213 spectaculis
816 1147 870 1210 qni·

111 1209 282 1263 busdamsors
291 1214 404 1278 aliquem
413 1215 513 1279 seponit
522 1230 551 1265 ao
561 1224 653 1275 servat,
663 1214 708 1278 qui
720 1227 782 1261 cum
796 1213 871 1262 ricto·

111 1294 139 1328 re
150 1277 302 1330 contendat:
315 1282 351 1329 sio
359 1280 386 1330 in
395 1289 487 1329 senatu
496 1290 557 1329 sunt
565 1281 650 1345 aliqua
660 1281 753 1345 prims,
763 1291 826 1328 snut
833 1294 871 1328 se·

112 1343 197 1396 eunde
211 1346 362 1410 certamina3
382 1357 408 1395 et
427 1362 457 1399 ex
472 1343 571 1395 duabus
581 1344 716 1397 sententiis
728 1362 796 1404 eam,
807 1359 871 1409 quae

113 1413 230 1479 superior
239 1415 342 1474 exierit,
360 1414 432 1463 tertia
443 1423 579 1478 exspectat.
598 1411 680 1478 Quid,
719 1409 780 1471 uod,
791 1413 871 1477 prims

112 1480 240 1530 sententia
251 1479 423 1546 comprobato,
433 1490 529 1529 ceterae
539 1429 720 1545 perimuntnri
742 1478 802 1543 Qua
812 1493 871 1542 ergo

112 1548 212 1595 rationo
222 1557 369 1613 potestesse
380 1543 456 1611 [nou]
466 1562 533 1594 unus
544 1557 620 1610 atque
634 1541 706 1594 idem
720 1544 794 1592 locus
812 1559 871 1593 sen-

110 1613 260 1674 tentiarum,
281 1629 391 1678 quarum
400 1612 487 1661 nullus
498 1622 536 1662 est
544 1608 649 1678 postea?
669 1609 774 1659 Planius
793 1624 869 1676 repe·

112 1689 175 1729 tam.
197 1680 261 1737 Nisi,
272 1677 375 1729 dicente
385 1675 537 1727 senteutiam
547 1694 585 1737 eo,
596 1679 641 1743 qui
651 1676 757 1740 relegat,
768 1676 817 1734 illi,
828 1672 871 1739 qui

111 1747 225 1812 puniunt
234 1748 330 1813 eapite,
346 1743 419 1795 initio
428 1744 511 1795 statim
522 1746 549 1794 in
560 1747 608 1794 alis
619 1741 764 1800 discedunt,
776 1743 870 1791 irustrs

110 1823 199 1876 postea
209 1810 359 1863 dissentient
368 1811 400 1860 ab
411 1828 457 1869 eo,
468 1812 510 1859 oui
517 1811 604 1876 paullo
614 1822 672 1860 ante
683 1813 868 1858 consenseriut.

112 1875 166 1926 ssd
176 1878 241 1943 quid
251 1894 299 1942 ego
310 1879 402 1928 similis
411 1877 521 1936 docenti,
538 1894 621 1941 quum
632 1875 726 1925 discere
737 1875 826 1933 velim,
837 1891 869 1922 an

111 1945 248 1993 sententias
259 1943 351 2006 dividi,
362 1963 393 1994 sn
404 1945 434 1994 iri
444 1946 470 1993 in
480 1944 601 2009 singulas,
617 1940 775 2008 oportuerit?
796 1941 870 1990 Obu-

110 2011 158 2059 nui
178 2009 301 2074 quidem‚
323 2010 392 2075 quod
413 2010 586 2077 postulabam:
605 2010 774 2058 nihilomiuus
785 2018 870 2057 tamen

110 2091 215 2141 quaero,
226 2094 259 2126 an
269 2079 398 2142 postulare
410 2076 553 2135 debuerim,
572 2095 605 2126 an
617 2077 750 2125 abstinere.
771 2075 871 2141 Quem·

110 2140 252 2194 admodum
271 2143 389 2193 obtinuit
416 2145 449 2203 le,
470 2144 515 2208 qui
524 2144 648 2198 ultimum
657 2141 818 2207 supplicium
829 2157 871 2190 su·

109 2208 237 2259 mendum
248 2226 303 2258 esse
313 2210 430 2260 censebat
435 2244 443 2268 ,
463 2212 548 2259 nescio
555 2244 562 2272 ,
579 2227 611 2260 an
622 2211 691 2267 iure,
706 2219 774 2257 certe
785 2209 871 2274 aequi-

108 2285 158 2324 tate
169 2277 345 2340 postulationis
356 2293 428 2326 meae
440 2276 520 2325 rictus
532 2312 540 2337 ,
562 2275 654 2326 omissa
674 2274 803 2324 sententia
816 2291 871 2333 sus,

108 2343 213 2391 secessit
225 2345 361 2408 relegenti:
383 2344 477 2392 veritus
488 2344 590 2402 scilicet,
605 2357 646 2402 ne,
660 2341 682 2388 si
692 2338 871 2391 dividerentur

107 2409 258 2469 sententiae,
268 2407 348 2474 (quod
358 2410 454 2473 alioqui
467 2409 521 2458 sore
533 2408 679 2474 ridebatur)
691 2424 729 2465 ea,
744 2425 810 2473 quae
820 2405 870 2458 ab·

110 2476 246 2528 solvendos
257 2493 309 2526 esse
320 2475 445 2537 censebat,
460 2491 569 2525 urrmero
578 2475 745 2540 praevaleret·
766 2474 871 2525 Etenim

74 2534 79 2547 ¹
109 2545 187 2610 longe
197 2543 285 2610 plures
295 2545 322 2590 in
338 2542 385 2592 hac
403 2558 463 2602 una,
485 2558 563 2606 qsram
582 2543 610 2590 iu
630 2539 730 2589 duobus
749 2540 870 2607 singulis.

109 2622 189 2662 erent.
205 2606 276 2661 Tum
285 2611 321 2659 illi
334 2623 445 2674 quoque,
457 2610 500 2673 qui
510 2607 657 2669 auctoritate
667 2608 722 2656 eius
734 2605 870 2657 trebeban·

105 2687 164 2737 tur,
180 2689 327 2729 transeunte
337 2679 391 2737 illo,
412 2674 536 2735 destituti,
546 2675 706 2739 reliquerunt
715 2675 869 2723 sententium

93 2744 131 2794 ab
140 2747 314 2814 ipsoauctore
322 2745 463 2802 desertam,
473 2742 625 2806 sequuuque
634 2749 695 2788 suut
704 2741 778 2802 quasi
788 2750 869 2789 trans·

79 2810 190 2883 sugam,
204 2837 292 2890 quem
304 2816 406 2872 ducem
415 2808 602 2883 sequeitmbute
631 2803 678 2853 Su.
685 2805 809 2855 midam
814 2810 870 2855 tens*
