1890 2924
332 160 472 226 ἘΡἸ’8Τ.
494 173 587 227 lxx.
634 230 636 243 ,
790 183 846 237 230

90 271 177 341 potius
187 269 310 326 amare'se
317 275 450 339 simulant,
461 293 489 325 se
499 294 531 326 ue
542 278 666 328 simulant
675 273 796 343 quidem,
807 279 846 329 ui·
869 286 874 300 ‘

38 393 39 397 ,
90 342 113 392 ei
144 357 190 390 uos
201 344 320 391 florentes
330 342 425 391 vident.
457 343 525 393 Nam
535 346 699 405 miserorum,
710 362 764 393 nou
774 362 847 398 setus

90 423 120 457 se
125 358 319 470 detunctorum,
325 407 522 459 obliviscuntur.
530 408 582 459 Sed
590 411 633 460 tibi
642 414 763 476 perennis
775 410 848 476 fides,

91 483 213 539 tantaque
224 475 251 523 in
262 491 348 524 amore
358 477 503 534 constantia,
514 486 543 523 ut
552 477 627 533 fiatri.
643 477 692 525 nisi
703 489 745 539 tua
755 490 847 540 morte,

90 556 145 589 nou
161 541 250 605 possit.
261 540 315 601 Ea,
330 538 464 600 'Hercule,
483 543 504 590 is
521 541 759 608 suitQuinctiauua‚
770 562 848 608 quem

91 604 394 674 diligideceatexemplo
404 608 492 674 ipsius.
511 608 610 659 Felices
624 607 733 671 amabat,
743 613 848 661 miseros

90 670 226 736 tuebatur,
251 671 412 724 desiderabat
421 675 534 724 amissos.
566 675 621 725 Iam
632 677 670 725 illi
680 688 775 774 quauta
785 695 848 743 pro-

89 735 156 788 bitas
165 739 193 787 iu
203 737 263 789 ore!
280 753 377 806 quauta
388 743 415 790 iu
424 757 543 792 sermone
555 746 694 792 cunetatio.
714 760 792 808 quam
802 761 848 810 pa·
859 773 866 786 .

89 806 114 854 ri
123 805 189 855 libra
199 807 309 872 gravitas
319 808 474 872 comitasque
482 805 488 855 !
497 807 568 874 quod
577 807 694 857 studium
702 809 847 859 literarum!
856 801 862 816 ⁴

89 869 164 936 quod
182 871 322 922 iuditium!
347 890 397 937 qua
414 873 506 940 pietate
517 891 577 924 cum
588 876 764 925 dissimillimo
774 886 846 942 patre

89 935 205 988 vivebat!
225 955 304 1003 quam
313 957 365 989 uou
374 941 489 991 obstabat
498 940 549 1003 ilii,
569 958 620 1006 quo
630 943 717 990 miuus
727 943 767 990 vir
776 943 845 1008 opti·

86 1002 293 1066 mus-videretur,
305 1005 374 1070 quod
383 1018 437 1056 erat
445 1008 557 1072 optimus
567 1003 647 1056 filius!
663 1005 716 1056 Sed
725 1007 789 1073 quid
799 1008 845 1057 do·

86 1070 259 1120 loremtuum
275 1070 409 1121 exultem?
427 1074 595 1139 Quamquam
606 1075 641 1121 sie
651 1075 741 1121 amasti
750 1076 843 1124 viven-

51 1196 54 1200 ι
87 1149 152 1197 κω,
164 1148 193 1186 ut
203 1136 264 1186 baec
274 1137 363 1188 au'dire
376 1141 475 1204 potius,
495 1154 575 1202 quam
589 1137 622 1185 de
631 1138 677 1186 illo
687 1137 756 1187 sileri
767 1141 844 1190 velis:

87 1220 104 1252 s
113 1219 157 1252 me
166 1205 325 1268 praesertim,
341 1206 411 1253 euius
421 1202 608 1270 praedieatione
617 1216 690 1269 putas
700 1205 782 1253 vitam
790 1207 843 1256 eius

88 1271 183 1330 ornari,
194 1272 345 1321 memoriam
358 1271 497 1336 prorogari,
508 1273 641 1336 ipsamque
651 1270 731 1332 illam,
747 1285 797 1335 qua
807 1281 846 1320 est

87 1347 185 1402 raptus,
195 1349 311 1397 aetatem,
317 1353 391 1406 posse
401 1337 510 1386 restitui.
530 1336 604 1390 Vale.

437 1438 481 1490 'X-

87 1503 172 1573 ⁴sto'tl
181 1505 279 1556 tradiit
289 1514 317 1556 et
326 1506 463 1558 venationi
473 1522 526 1555 non
545 1504 699 1568 conveniat,
718 1502 779 1556 illa.
786 1501 845 1555 sola

109 1583 111 1588 “
157 1573 188 1622 in
196 1590 299 1623 secessu
309 1573 424 1624 tractari
434 1571 584 1642 significat.
850 1595 853 1599 ·

173 1654 214 1704 ·c.
234 1654 408 1707 P·L1N1vs
429 1653 589 1706 Tacito
620 1650 700 1704 suo
719 1636 760 1702 si

144 1736 228 1804 Cupio
237 1749 377 1804 praeceptae
388 1740 437 1788 tuis
447 1755 550 1805 parere3
570 1735 616 1786 sed
635 1752 755 1804 aprorum
779 1742 849 1785 tants

92 1807 200 1873 penuria
211 1817 255 1866 est,
266 1814 296 1852 ut
304 1805 434 1854 Minervae
449 1817 474 1854 et
487 1807 598 1864 Dianae,
616 1821 679 1869 quas
701 1803 735 1851 ais
753 1803 850 1868 parites·

94 1869 224 1933 colendas,
234 1873 372 1920 convenire
384 1888 440 1932 uou-
446 1866 533 1938 1iossit·
544 1873 633 1935 Itaque
648 1869 777 1919 Minervae
794 1879 856 1917 tan-¹

93 1937 326 1990 tumserviendum
337 1949 387 1999 est3
408 1938 514 1987 delicate
524 1948 618 1998 tamen,
626 1947 657 2003 ut
667 1941 693 1987 iu
703 1951 809 1995 secessu,
824 1944 850 1982 et

94 2014 198 2057 aestate.
217 2006 250 2054 In
260 2005 300 2053 via
308 2004 386 2067 plane
397 2005 522 2053 nonnulla
532 2003 638 2063 leviora,
660 2004 794 2066 statimque
805 1999 850 2048 de-

93 2069 180 2132 lende
191 2087 221 2120 es
246 2069 383 2129 amulium,
393 2086 443 2133 qua
453 2085 581 2118 sermones
591 2071 617 2117 iu
629 2068 747 2118 vehiculo
757 2083 850 2116 seruu-

94 2147 144 2200 tur,
152 2089 263 2186 extendi.
275 2137 323 2186 His
331 2134 460 2200 quaedam
470 2134 559 2185 addidi
570 2136 597 2183 in
607 2135 677 2198 villa,
688 2151 772 2201 quum
780 2131 851 2183 aliu'd

93 2219 149 2252 nou
157 2203 255 2253 liberet.
276 2203 365 2267 Itaque
374 2207 490 2268 po'e'mata
501 2203 647 2267 quieseunt3
668 2216 736 2268 quae·
744 2212 772 2250 tu
782 2202 850 2249 inter

93 2287 200 2319 nemora
211 2271 318 2319 et'lucos
329 2267 536 2319 commodissime
547 2269 634 2334 perfici
644 2280 728 2335 putas.
759 2266 850 2316 Orati-

93 2339 216 2386 uncadam
226 2352 306 2386 uuam
317 2346 342 2384 et
351 2337 458 2386 alteram
472 2338 616 2399 retractavi5
647 2349 804 2398 quamquam
823 2329 850 2380 id

91 2405 266 2470 geuueoperis
279 2401 424 2462 inamabile,
438 2404 612 2458 inamoenum,
631 2403 763 2464 magisque
779 2395 850 2448 labo·

91 2469 252 2535 ribuariam,
262 2485 341 2537 quam
352 2467 631 2538 voluptatibus-simile.
653 2464 729 2519 Vale.
