1890 2924
348 162 479 218 EPIST.
497 163 570 220 xlv.
776 173 832 231 215

72 264 138 332 qnid
148 264 232 316 simile
242 263 377 325 inciderit,
397 266 507 316 erudiar.
540 266 627 326 Dices,
650 264 702 318 Cur
715 269 832 338 quoeris,

70 333 146 400 quod
159 346 241 382 nosse
258 330 391 382 debebas?
418 334 536 382 Priorum
556 345 703 399 temporum
714 340 832 396 servitus,

72 409 103 448 nt
113 400 225 448 aliarum
235 403 393 466 optimarum
403 401 508 458 artium,
519 401 554 448 sic
565 401 639 450 etism
646 401 708 450 iuris
715 403 832 450 senatorii

72 467 230 515 oblivionem
244 465 375 531 quandam
385 477 410 514 ct
419 466 607 530 ignorationem
623 467 737 518 induxit.
758 469 833 534 Quo·

71 544 115 582 tus
126 534 199 580 enim
209 534 316 597 quisque
328 544 379 581 tam
391 535 506 597 patiens,
529 544 557 583 nt
573 534 633 582 velit
643 532 749 596 discere,
761 533 833 600 quod

70 600 159 648 inusu
170 615 223 648 non
234 600 268 648 sit
278 598 429 649 habiturus?
449 596 537 660 Adde,
554 599 623 665 quod
634 598 738 650 difficile
749 612 786 651 est
796 613 833 652 te·

70 681 147 723 nere,
169 682 234 730 quac
250 666 390 730 acceperis,
410 667 460 714 nisi
478 682 605 715 exercens.
628 664 832 733 itaquereducta

70 731 174 782 libertas
184 730 262 780 rudes
272 748 318 780 nos
329 743 354 780 et
364 732 496 798 imperitos
503 731 684 798 deprehendit:
695 737 767 784 cuius
773 735 832 785 dul·

70 794 161 847 oudino
171 800 271 849 accensi
282 798 399 864 cogimur
415 799 540 864 quaedam
556 801 639 849 facere
659 811 732 861 anto,
751 817 831 865 quam

71 879 155 913 nosse.
174 865 238 916 Ernt
247 876 334 914 autem
343 865 484 931 antiquitus
495 867 650 927 institutum,
661 878 712 916 uta
722 868 829 917 maiori·

72 928 121 980 bns
132 942 204 990 natu,
219 948 271 980 non
281 931 386 981 auribus
395 931 482 992 modo,
505 935 683 994 verumetiam
693 934 774 982 oculis
786 931 830 981 dia·

71 1011 216 1059 scer-emus,
231 1015 295 1062 quae
306 996 419 1048 iacienda
429 1016 490 1048 mox
501 1000 564 1064 ipsi,
584 1015 612 1048 ac
622 1017 667 1065 per
675 1003 740 1050 vices
752 1016 831 1064 qnas-

70 1059 132 1112 dsm
142 1062 266 1113 tradenda
275 1063 427 1125 minoribus,
437 1065 597 1115 haberemus.
610 1064 671 1114 inde
683 1065 830 1115 adolescen-

71 1127 121 1177 tuli
139 1131 226 1180 statim
249 1130 415 1180 castrensibus
435 1129 567 1198 stipendiis
586 1131 781 1194 imbuebantur,
800 1143 831 1181 nt

70 1194 200 1261 imperare
209 1195 335 1262 parendo,
356 1196 433 1246 duces
444 1213 529 1263 agere,
540 1196 604 1246 dum
613 1207 764 1261 sequuntur,
785 1195 831 1246 ad·

70 1274 227 1311 suescersnt:
257 1261 318 1311 inde
335 1262 445 1311 honores
460 1265 564 1328 petituri
579 1262 733 1314 adsistebant
743 1265 829 1314 curiae

70 1327 179 1390 iuribus,
190 1339 215 1376 et
224 1329 321 1378 consilii
331 1331 428 1395 publici
435 1341 583 1394 spectatores
594 1340 661 1390 ante,
677 1343 755 1393 quom
765 1344 832 1377 cou-

70 1405 162 1456 αιτιοι,
173 1406 254 1444 eraut.
279 1395 348 1445 Suus
359 1395 452 1459 cuique
463 1411 555 1462 parcns
566 1412 612 1461 pro
622 1397 746 1458 magistro
757 1427 765 1452 ,
785 1404 832 1446 aut

72 1461 114 1511 cui
123 1478 214 1527 parens
224 1478 277 1510 non
288 1473 350 1521 erat,
356 1464 482 1510 maximus
492 1462 599 1527 quisque
610 1473 636 1510 et
645 1460 832 1509 vetustissimus

71 1544 120 1593 pro
129 1540 243 1593 parente.
255 1529 328 1594 Quae
337 1539 446 1594 potestas
456 1525 635 1588 referentibus,
641 1525 711 1591 qnod
722 1542 832 1576 censen-

72 1592 143 1643 tibus
154 1596 205 1653 ius,
219 1611 284 1660 qnae
295 1597 333 1646 vis
343 1593 540 1660 magistratibus,
548 1611 612 1659 quae
619 1595 706 1642 ceteris
716 1592 833 1658 libertas3

71 1659 291 1720 abscedendum,
310 1661 354 1709 ubi
364 1660 549 1723 resistendum
571 1661 641 1726 quod
656 1661 751 1709 silentii
766 1671 832 1709 tem·
856 1662 860 1669 '

73 1741 131 1793 pus,
144 1728 201 1790 quis
212 1725 314 1778 dicendi
326 1725 428 1789 modus,
444 1744 508 1792 quae
518 1725 649 1776 distinctio
659 1727 832 1793 pugnantium

72 1795 268 1853 sententiarum,
277 1811 342 1857 qnae
350 1796 476 1843 exsecutio
486 1794 721 1859 prioribusaliqnid
731 1792 833 1848 adden·

73 1860 147 1917 tinm,
158 1876 264 1909 omnem
275 1859 385 1926 deniqne
396 1863 553 1910 senatorium
565 1878 675 1921 morem,
688 1859 759 1926 quod
768 1859 833 1910 iide-

73 1925 202 1974 lissimum
222 1928 397 1993 praecipiendi
417 1944 511 1993 genus,
531 1928 654 1993 exemplis
665 1925 834 1976 docebantur.

72 1991 110 2041 At
120 2009 166 2041 nos
177 1994 283 2042 iuvenes
294 1995 390 2043 suimus
401 1992 507 2058 quidem
523 1995 549 2042 in
566 1993 666 2057 castris3
685 1991 731 2042 sed
751 2008 835 2057 quum
855 2002 861 2008 “

72 2058 190 2124 suspecta
201 2061 289 2116 virtus,
296 2062 387 2110 inertia
397 2063 424 2108 in
434 2062 524 2127 pretio,
535 2077 616 2125 quum
627 2060 738 2110 ducibus
748 2069 836 2109 aucto·

72 2124 134 2173 ritas
145 2126 224 2184 nulla,
235 2128 308 2176 nulla
318 2127 445 2176 militibus
456 2125 624 2187 verecundia,
641 2143 769 2193 nusquam
779 2126 836 2177 im-
858 2134 860 2138 “

73 2192 197 2256 perium,
217 2209 344 2258 nusquam
360 2195 521 2258 obsequium,
541 2196 626 2242 omnia
637 2196 734 2256 soluta,
744 2193 836 2242 turba-

73 2267 107 2317 te,
118 2268 195 2322 atque
211 2261 290 2309 etiam
300 2261 327 2308 in
339 2261 497 2310 contrarium
509 2278 588 2321 versa,
599 2273 728 2327 postremo
739 2259 836 2308 oblivi-

72 2322 167 2373 scenda
177 2328 268 2391 magis,
279 2344 357 2390 quam
368 2325 485 2376 tenenda.
505 2325 590 2376 lidem
597 2326 774 2393 prospeximus
785 2339 835 2372 cn-

73 2389 153 2454 riam3
173 2390 217 2440 sed
229 2395 327 2442 curiam
339 2392 464 2459 trepidam
476 2406 501 2443 et
510 2395 656 2457 elinguem
672 2408 754 2458 quum
763 2391 833 2441 dIce·

73 2471 111 2517 re,
122 2457 193 2522 qnod
204 2461 293 2518 velles,
306 2459 494 2525 periculosum
514 2459 582 2524 quod
593 2461 687 2518 nolles,
709 2459 833 2507 miserum

75 2533 150 2573 esset.
166 2524 237 2588 Quid
248 2525 380 2576 tuncdisci
396 2524 501 2593 potuit?
530 2526 593 2590 quid
612 2524 729 2574 didicisse
748 2517 833 2573 inviti

74 2604 158 2654 quum
168 2603 271 2640 senatus
282 2592 368 2643 autad
378 2596 460 2642 utinm
467 2607 606 2650 summum,
613 2587 694 2638 autad
700 2603 839 2638 summum.

78 2655 148 2705 eseias
162 2669 304 2724 vocareturj
316 2659 425 2714 etmodo
436 2657 568 2727 ludibrio,
576 2655 659 2710 modo
667 2654 861 2708 nonnosum
886 2698 889 2703 ⁴
906 2726 909 2731 Ι

907 2698 925 2795 :i
