1890 2924
236 167 242 184 ,
308 107 442 161 urtsr.
472 108 547 162 vtu.
755 113 811 171 stt

61 277 195 394 Clitumnp
201 275 294 356 sontis
316 286 345 328 et
351 278 436 345 fluvii
449 286 578 329 naturam
592 275 740 330 mirabilem
744 293 812 347 per·

123 347 180 395 scri
198 355 228 394 st.

151 409 182 462 C.
203 409 374 463 PLINIVS
392 408 573 462 ROMANO
596 410 676 464 SVO
695 410 723 463 S.

107 475 237 529 Vidistine
246 476 384 543 aliquando
395 474 558 528 Clitumnum
563 478 679 530 sonteml
704 476 732 529 Si
742 497 812 530 non·

56 545 131 606 dum,
143 545 180 612 (et
189 558 253 612 puto
263 544 394 593 noudum:
410 544 506 610 alioqui
517 562 642 597 narrasses
652 545 730 604 mihi)
741 547 811 608 vide3

56 629 137 679 quern
148 629 196 677 ego
206 610 334 678 (poenitet
344 608 477 676 tarditatis)
488 617 603 679 proxime
614 612 677 663 vidi.
693 611 812 663 Modicus

55 680 131 729 collis
140 679 262 744 adsurgit,
272 679 374 742 antiqua
384 694 506 743 cupressu
516 697 666 730 nemorosus
677 690 701 730 et
710 697 811 746 opacus.

55 745 135 795 Hune
149 747 236 795 subter
252 744 308 794 sons
324 746 386 806 exit,
406 755 431 794 et
441 748 592 812 exprimitur
602 747 720 813 pluribus
730 748 811 806 venis,

55 811 104 862 sed
116 811 269 877 imparibus,
289 813 462 877 eluctatusque
473 813 533 863 facit
543 815 686 879 gurgitem,
707 814 751 877 qui
763 814 813 862 latu

55 881 158 945 gremio
168 879 273 943 patescit
281 894 360 942 purus
374 890 399 928 et
414 880 525 940 vitreus,
545 893 573 928 ut
587 897 723 929 numerare
738 881 814 929 iactas

56 947 135 1010 stipes
146 957 172 992 et
181 945 324 994 relucentes
334 946 444 994 calculos
454 947 545 1012 possis.
566 944 630 996 lude
640 964 692 995 non
703 946 753 995 loci
763 947 813 996 de-

58 1013 184 1071 vexitate,
204 1009 248 1060 sed
261 1012 314 1076 ipsa
325 1013 364 1060 sui
374 1013 446 1078 copia
459 1024 484 1061 et
493 1014 565 1076 quasi
574 1011 688 1079 pondere
699 1013 802 1078 impelli-

56 1089 109 1128 tur.
139 1075 208 1126 Fons
223 1076 317 1136 adhue,
333 1089 359 1127 et
368 1081 418 1129 iam
433 1079 621 1144 amplissimum
630 1082 728 1128 dumeu
739 1090 813 1142 atque

57 1147 138 1195 etiam
148 1145 376 1208 naviumpstiens3
396 1161 471 1208 quas,
492 1142 578 1195 obvias
598 1160 700 1209 quoque
710 1155 736 1192 et
753 1159 801 1194 con

40 1214 44 1221 ’
59 1211 136 1262 uario
147 1211 204 1259 uisu
216 1211 242 1259 in
253 1210 353 1260 diversa
363 1209 505 1269 tendentes,
513 1212 661 1260 transmittit
672 1220 698 1257 et
708 1209 814 1274 perfert:

42 1278 125 1328 'adeo
140 1276 252 1336 validus,
272 1290 301 1327 ut
319 1277 378 1338 illa,
399 1294 448 1340 qua
458 1289 577 1342 properat
585 1279 647 1342 ipse,
658 1291 814 1340 quamquam

57 1352 107 1411 per
119 1346 204 1393 solum
214 1345 335 1409 planum,
355 1345 433 1392 remis
444 1361 496 1391 non
508 1341 656 1402 adiuvetur3
686 1341 755 1390 idem
769 1358 814 1390 se·

79 1413 170 1459 errime
180 1413 256 1460 remit
267 1411 397 1475 contisque
413 1421 546 1475 superetur
563 1408 694 1460 adversus.
718 1407 814 1457 Iucun-

58 1428 125 1526 dum
134 1489 274 1542 utrumque
284 1494 331 1543 per
340 1479 426 1525 iocum
436 1475 589 1541 ludumque
596 1475 771 1531 fluitantibus,
786 1485 816 1523 ut

58 1546 176 1593 flexerint
186 1561 302 1603 cursum,
317 1543 433 1593 laborem
444 1545 504 1603 otio,
519 1545 602 1592 otium
612 1541 699 1590 labore
709 1541 813 1591 variare.

59 1611 138 1676 ttipae
150 1612 248 1660 fraxino
258 1612 352 1669 multa,
368 1613 450 1659 ruulta
465 1611 562 1677 populo
576 1611 732 1659 vestiuntur:
754 1625 815 1673 quas

58 1679 211 1744 perspicuus
221 1678 314 1735 amuis,
325 1678 394 1726 velut
405 1694 512 1736 mersae,
524 1674 600 1727 viridi
610 1677 723 1742 imagine
733 1674 816 1726 adutt-

57 1755 150 1794 ruerat.
156 1741 236 1806 Rigor
247 1760 326 1809 aquae
336 1747 470 1793 certaverit
478 1743 595 1808 nivibus3
605 1759 653 1794 uec
660 1745 729 1792 color
739 1743 826 1792 cedit·

58 1810 169 1860 Adiacet
177 1811 314 1876 templum,
326 1812 439 1876 priscum
449 1821 474 1860 et
483 1811 641 1878 religiosum.
662 1809 719 1861 Stat
734 1805 817 1863 Clitu-

57 1874 142 1926 sunus¹
153 1877 226 1943 ipse,
245 1879 353 1927 amictus
365 1888 517 1943 ornatusque
527 1889 664 1944 praetexta.
693 1876 816 1927 Praesens

59 1958 167 2005 numen,
178 1955 254 2008 atque
265 1945 341 1993 etiam
350 1943 493 2005 fatidicum,
505 1942 621 1995 indicant
630 1955 719 1994 sortes·
736 1943 816 2010 Spar-

59 2029 87 2060 sa
97 2022 158 2059 sunt
168 2011 231 2059 circa
250 2012 341 2059 sacella
357 2013 502 2077 complura,
523 2009 632 2062 totidem
652 2029 683 2061 ue
693 2009 744 2060 dei.
764 2009 816 2061 Sus

59 2078 153 2141 cuique
163 2077 305 2138 veneratio,
325 2094 402 2126 suum
411 2093 521 2128 nemen:
537 2029 691 2144 quibusdam
702 2093 763 2128 vero
773 2090 816 2129 et-

59 2144 111 2193 iam
122 2144 214 2194 sontes.
253 2143 320 2193 Nam
330 2154 429 2208 praeter
439 2144 528 2206 illurn,
551 2146 622 2210 quasi
631 2157 764 2211 parentem
775 2160 817 2193 ce·

61 2223 191 2271 tenorum,
206 2221 267 2259 sunt
285 2209 399 2260 minores
419 2211 498 2276 capite
517 2211 631 2274 discreti;
650 2213 696 2262 sed
715 2212 817 2260 tlumini

55 2278 210 2337 miscentur,
222 2275 291 2342 quod
301 2290 379 2342 ponte
390 2280 579 2339 transmittitur.
604 2280 629 2328 ls
639 2279 763 2327 terminus
772 2293 816 2324 sa·

56 2346 101 2394 'cri
116 2345 278 2410 profanique.
300 2349 332 2394 ln
348 2346 478 2411 superiore
493 2357 564 2412 parte
575 2346 694 2410 navigare
707 2351 817 2400 tanturn,

62 2411 130 2462 infra
140 2413 314 2460 etiamustare
324 2427 480 2462 concessum.
510 2412 644 2464 Balineum
659 2407 818 2473 Hispellsteu

58 2478 155 2544 'quibus
165 2479 242 2527 illum
251 2478 337 2526 locum
348 2478 423 2528 divus
432 2479 564 2544 Augustus
574 2477 643 2526 dono
663 2474 750 2531 dedit,
765 2491 816 2540 pu·

61 2545 127 2595 blice
139 2545 269 2610 praebent,
276 2545 398 2610 praebent
407 2557 432 2593 et
441 2545 594 2613 hospitium.
601 2543 661 2594 lieu
669 2541 829 2616 destituti&-

59 2613 107 2674 lse,
119 2627 185 2676 quse
193 2623 318 2677 sequutae
326 2614 451 2668 fluminis
462 2616 668 2671 amoenitatem,
673 2621 800 2672 tuarum
806 2617 857 2658 W

577 2679 607 2729 0
618 2693 636 2733 2
