1890 2924
112 193 166 252 106
187 180 190 185 ’
288 182 319 234 C.
336 179 470 234 curun
486 179 562 234 LIB.
578 179 630 233 IV.

111 278 238 337 ducimur.
266 281 392 348 Optamus
402 284 472 332 enim
480 281 526 330 tibi
535 283 728 346 ominamurque
747 278 775 330 in
793 290 856 347 pro·i

109 353 210 402 ximum
219 363 315 396 aunum
326 349 495 396 consulatum.
513 348 603 396 Itonos
617 349 720 395 virtutes
731 358 801 406 tuae,
821 347 857 397 its

110 414 204 464 iudicia
214 412 334 478 principis
349 414 466 476 augurari
481 414 580 461 volunt.
608 410 746 460 Concurrit
760 422 856 469 nutem,

108 489 139 529 ut
147 481 178 527 sit
187 477 279 526 eodem
289 495 356 527 anuo
367 489 496 542 quaestor,
511 478 637 527 maximus
647 491 678 524 ex
690 476 778 524 liberis
787 477 856 537 une,

108 543 214 593 Asinius
220 543 316 603 bassus,
327 542 433 601 iuvenis,
444 540 538 605 (nescio
548 560 579 590 an
590 542 679 598 dicam,
690 541 860 607 quodmepa·

109 620 149 658 ter
158 619 184 656 et
192 609 285 656 sentire
294 619 320 656 et
330 608 412 656 dicere
426 608 507 671 cupit,
522 606 687 655 adolescentis
703 606 859 655 verecundie

108 675 187 738 vetat)
197 675 251 738 ipso
260 683 329 738 patre
339 674 438 722 melior.
471 669 578 721 Difficile
589 682 638 731 est,
648 683 678 720 ut
687 670 754 721 mibi
765 670 798 718 de
808 671 858 719 ab-

108 750 179 788 rente
190 735 286 798 credas,
296 752 451 802 quamquam
460 734 561 784 credere
571 738 636 784 soles
645 738 740 797 omnia,
755 746 859 786 tentum

108 804 136 853 in
148 804 194 852 illo
205 802 352 861 industriae,
363 801 497 867 probitatis,
510 800 673 866 eruditionis}
683 802 789 864 ingenii,
798 813 859 849 stu-

109 866 158 929 dii,
174 871 311 917 memoriae
320 866 431 932 denique
440 883 505 926 esse,
517 878 644 930 quantum
653 876 772 930 expertus
781 867 859 914 iure-

108 934 174 982 niet.
187 933 290 982 Vellem
300 944 352 982 tam
362 933 429 980 ferax
438 933 552 980 seculum
562 931 635 979 bonis
646 931 741 979 artibus
751 930 857 979 habere·

108 1012 179 1054 mne,
198 1008 229 1045 ut
244 998 343 1060 aliquos
358 998 433 1045 Basso
451 997 577 1061 praeferre
593 995 710 1044 deberes:
730 1005 788 1045 tum
808 1012 857 1060 ego

107 1073 134 1111 te
143 1063 240 1127 primus
250 1061 364 1110 hortarer
373 1078 562 1124 moneremque,
574 1061 750 1108 cIrcumlerres
760 1063 857 1121 octrlot,

107 1141 138 1177 eo
151 1123 197 1174 diu
216 1125 364 1190 pensitares,
380 1124 456 1190 quem
464 1126 631 1191 potissimum
643 1126 761 1189 eligerer.
780 1126 857 1174 Nune

107 1206 169 1240 vero
179 1216 208 1228 -
221 1188 272 1238 Sed
283 1191 410 1240 nibilrolo
418 1190 449 1238 de
460 1191 540 1239 amieo
551 1207 609 1238 meo
619 1192 793 1252 arrogantius:
808 1190 857 1239 lroc

106 1257 193 1305 nolum
204 1252 269 1313 dico,
279 1255 387 1320 dignum
399 1270 451 1304 esse
461 1257 588 1311 iuuenem,
601 1271 678 1318 quem
688 1271 760 1302 merc
770 1258 856 1304 maio-

106 1336 166 1370 rum
176 1321 203 1369 iu
213 1321 259 1368 filii
268 1321 355 1379 locum
362 1319 494 1397 pdsumas.
524 1319 626 1369 Debent
635 1330 720 1369 autem
729 1323 857 1385 sapientes

107 1387 163 1444 viri,
170 1396 199 1434 ut
209 1397 245 1443 tu,
256 1386 316 1434 tales
326 1384 396 1450 quasi
405 1383 553 1448 erepublica
562 1384 657 1434 liberos
667 1386 788 1448 accipere,
795 1402 857 1448 qua-

105 1450 142 1498 les
151 1467 166 1497 a
175 1460 263 1499 natura
273 1451 383 1499 solemus
393 1461 486 1514 optare.
520 1450 633 1500 Decorus
643 1452 689 1498 erit
698 1449 745 1497 tibi
756 1452 855 1499 consuli

104 1526 221 1580 quaestor
226 1527 295 1581 patre
303 1516 433 1580 praetorio,
440 1518 590 1580 propinquis
600 1515 788 1566 consularibus:
799 1517 855 1580 qui·

104 1580 162 1640 bus,
168 1580 263 1629 indicio
269 1582 547 1645 ipsorum,quamquam
553 1580 756 1629 adolescentulus
763 1578 855 1640 adlice,

104 1645 158 1693 iam
167 1655 251 1694 tamen
260 1647 371 1693 invicem
383 1657 529 1694 ornamento
543 1657 590 1694 est.
623 1643 735 1709 Proinde
746 1644 854 1711 indulge

103 1708 222 1774 precibus
230 1711 294 1758 meis
305 1743 312 1769 ,
327 1709 465 1772 obsequere
476 1711 599 1771 consilio,
614 1722 639 1759 et
649 1723 706 1759 ante
716 1711 812 1771 omnia,
832 1710 854 1757 si

103 1772 225 1821 festinare
239 1771 340 1834 videor,
353 1775 465 1837 ignosce:
489 1777 617 1839 primum,
637 1773 707 1838 [quia
726 1776 791 1824 rotie
800 1776 854 1823 suis

103 1852 177 1885 amer
185 1837 337 1900 plerumque
346 1841 498 1902 praecurrit:
517 1837 632 1902 deinde,]
652 1838 722 1901 quod
737 1840 765 1887 iu
775 1856 804 1889 ea
812 1841 853 1887 ci·

102 1900 193 1958 vitate,
213 1903 239 1949 in
255 1918 304 1965 qun
319 1902 406 1951 omnia
421 1905 492 1967 quasi
501 1901 532 1952 ab
542 1904 722 1968 occupantibus
732 1917 852 1969 aguntur,

102 1981 167 2030 quae
177 1967 323 2028 legitimum
334 1979 434 2032 tempus
444 1979 595 2032 exspectant,
611 1985 662 2016 non
674 1979 786 2028 matura,
806 1967 851 2017 aed

101 2046 157 2079 sera
171 2043 244 2079 sunt:
264 2030 369 2092 deiude,
385 2033 454 2096 quod
464 2050 559 2092 rerum,
570 2050 632 2097 ques
643 2033 745 2096 adsequi
756 2036 850 2099 cupias,

100 2097 255 2161 praesumtio
265 2097 318 2162 ipsa
327 2098 437 2146 iucunda
448 2109 494 2148 ent.
504 2097 714 2147 Revereaturiam
724 2107 747 2144 te
759 2099 850 2148 Basnu

100 2169 132 2208 ut
141 2162 284 2210 consulem:
299 2172 327 2211 tu
338 2162 417 2227 dilige
428 2179 488 2212 eum
499 2175 527 2211 nt
536 2173 707 2226 quaestorem:
723 2179 770 2212 nos
780 2163 851 2211 deni·

101 2240 164 2289 que,
186 2228 317 2291 utriusque
328 2240 440 2276 restrum
449 2228 627 2286 amantissimi,
646 2226 744 2291 duplici
754 2229 849 2277 laetitia

100 2290 271 2354 perfruamur.
289 2294 390 2342 Etenim
400 2308 481 2356 quum
491 2294 527 2340 sic
536 2304 572 2351 te,
591 2293 628 2340 sic
637 2290 744 2342 Bessum
754 2294 849 2357 dilige-

101 2367 213 2421 mue,ut
221 2368 247 2406 et
262 2359 339 2406 illum
354 2359 540 2420 cuiuscunque,
551 2368 576 2404 et
586 2368 660 2405 tuum
671 2354 849 2421 quemcubque

101 2422 259 2483 qtreellorem
270 2424 297 2470 in
306 2421 421 2486 petendis
432 2420 569 2469 honoribus
578 2423 650 2470 omni
667 2437 757 2485 opera,
777 2421 848 2470 omni

99 2484 197 2546 labore,
205 2488 283 2550 gratia
293 2490 371 2547 simus¹
382 2487 505 2543 iuvaturi;
520 2494 644 2550 perquam
654 2483 796 2534 iucundum
803 2502 849 2534 no·

91 2548 135 2597 his
145 2552 200 2612 erit,
212 2552 272 2600 siin
285 2549 393 2600 eundem
406 2548 547 2615 [iuvenem]
557 2549 672 2598 studium
682 2561 808 2609 nostrum,
823 2560 849 2597 et

16 2666 21 2676 ,
78 2616 215 2669 amicitiae
224 2634 300 2670 meae
310 2628 336 2669 et
345 2617 494 2668 consulam
503 2615 759 2683 tuirstiocoutuleritp
770 2614 847 2665 side·
